2896 4888
731 393 807 468 200

241 587 276 640 de
294 582 454 639 collectione
481 539 595 654 cogitet,
620 581 690 635 bene
715 579 835 653 exposuit
851 578 989 636 Keiiiusi.
1008 582 1025 636 Ι.
1042 604 1069 655 p.
1087 583 1141 640 213
1159 605 1217 659 sqq.
1254 586 1301 640 De

241 673 366 727 Plautino
381 669 530 742 Scholiop
547 667 599 726 215
609 689 650 742 sq
669 667 808 733 disserens,
827 665 973 736 „Ceterum
989 689 1045 724 non
1062 683 1102 726 est
1119 672 1302 736 mirandum”‚

242 761 344 834 inquit,
369 757 443 831 quod
462 757 549 812 Latini
567 755 735 829 grammatici
755 757 834 809 rerba
854 757 940 830 magis
958 757 990 810 ad
1010 759 1163 829 veritatem,
1190 761 1223 814 de
1243 780 1301 832 qua

242 850 269 903 in
289 866 392 902 summa
411 865 503 899 rerum
522 845 593 899 rides
611 844 690 899 nohis
703 863 771 898 conr
757 843 848 896 venire
866 863 928 898 cum
943 844 1095 914 Ritscheiio,
1112 845 1283 902 accedere
1259 867 1300 900 ιι-

242 937 356 1002 dentur,
376 953 456 1007 quam
476 933 597 999 Graeca,
621 931 754 1004 equibus
771 932 887 987 derivata
905 932 993 988 suntt’
1032 932 1158 989 Ceterum
1171 935 1300 1004 idemp·

244 1025 296 1082 121
313 1044 353 1096 sq.
379 1033 450 1078 recte
467 1022 569 1076 videtur
589 1021 709 1076 docuisse
728 1021 860 1074 Anecdoti
879 1019 993 1074 Parisini
1011 1033 1149 1076 auctorem
1169 1041 1183 1075 e
1200 1021 1282 1074 Trete
1269 1041 1300 1074 aa

243 1131 289 1165 sua
307 1110 432 1165 hausisse.

296 1199 385 1270 Adp.
402 1197 444 1254 36.
495 1197 538 1252 De
563 1193 748 1268 Aristophanis
771 1195 929 1248 recensione
952 1193 1095 1250 Homerica
1124 1215 1213 1268 nuper
1242 1197 1301 1268 egit

243 1287 313 1358 Aug.
331 1283 459 1340 Nauch'
451 1306 479 1338 ιιι
498 1285 582 1339 iihro:
610 1283 808 1352 Aristophanis
827 1283 959 1353 Byzantii
979 1285 1153 1356 grammatici
1171 1284 1300 1336 Alexan-

242 1375 358 1446 drinip.
380 1373 500 1438 19-59,
526 1373 573 1445 qui
598 1371 781 1444 quaestionem
800 1371 834 1424 de
852 1369 987 1437 fontibus,
1013 1388 1093 1442 quam
1113 1371 1199 1443 capite
1217 1369 1229 1424 1
1249 1373 1300 1426 de-

242 1461 346 1527 dimus,
366 1459 503 1532 negiigere
523 1479 578 1513 non
597 1459 720 1513 debebat.
757 1458 931 1513 Addimus
907 1478 964 1512 erus
982 1459 1112 1512 iudicium
1131 1479 1157 1530 p.
1174 1459 1210 1517 59
1230 1481 1300 1532 pro-

241 1549 338 1604 latum:
356 1547 568 1620 „Aristophanes
585 1547 612 1600 in
631 1547 788 1602 recensione
807 1545 950 1601 Homerica
969 1545 1101 1601 Zenodoti
1120 1546 1233 1616 marimo
1253 1568 1300 1601 ve·

241 1638 316 1710 stigia
335 1649 442 1693 acutus
457 1636 527 1690 haud
548 1635 640 1708 paucis
659 1635 688 1689 in
706 1634 773 1700 toris
789 1632 937 1705 scripturas
959 1634 1069 1688 serravit
1087 1635 1235 1689 attentione
1255 1634 1300 1687 di-

243 1724 397 1798 gnissimam
422 1745 502 1797 saepe
525 1723 590 1778 item
610 1742 685 1778 veras
710 1733 737 1776 et
766 1723 897 1794 genuinas
918 1723 1080 1778 lectionesa
1100 1724 1301 1778 successorihus

242 1812 314 1866 mais
332 1812 449 1866 desertas
467 1813 568 1884 optime
586 1822 685 1866 tutatus
704 1822 759 1875 est3
778 1811 860 1877 idem,
879 1831 1043 1884 quamquam
1062 1811 1300 1866 coniecturissuis

241 1920 256 1954 a
275 1899 414 1953 oommuni
431 1909 550 1955 veterum
568 1899 680 1953 aedecio
699 1910 725 1952 et
743 1901 891 1953 temeritate
910 1899 980 1954 haud
995 1899 1128 1965 abstinuit,
1146 1911 1238 1956 tamen
1259 1901 1299 1954 ri-

242 1987 277 2041 ti'a
296 1987 428 2060 quaedam
447 1997 520 2041 recte
547 1987 650 2060 primus
668 1987 790 2058 agnorit3
819 1985 937 2061 denique
961 1987 989 2040 in
1014 1987 1174 2042 athetasihus
1191 1989 1298 2046 tametsi

241 2074 379 2148 aliquanto
401 2075 496 2129 ultra
488 2087 570 2128 iustos
586 2074 653 2129 fines
676 2085 802 2145 evagatus
819 2085 873 2138 est,
897 2073 1026 2128 iudicium
1052 2081 1140 2128 tamen
1166 2093 1299 2149 compro

241 2163 311 2218 havit
329 2165 441 2218 omnino
456 2163 613 2221 iaudahiiest’
647 2161 856 2234 Aristophanem
875 2164 1083 2218 commentarios
1101 2164 1128 2216 in
1146 2163 1298 2218 Homerum

241 2271 382 2326 nunquam
401 2252 550 2356 scripsisse,
577 2271 606 2324 p.
623 2251 657 2308 21
684 2251 827 2306 nobiscum
851 2251 956 2320 statuit,
983 2247 1072 2306 ubi‘
1055 2248 1151 2324 Ap
1152 2271 1299 2315 osoparovr

243 2360 341 2412 pros
313 2362 341 2393 as
332 2337 416 2410 ’Ἀρι
418 2361 465 2393 oro
453 2337 518 2403 roris
519 2360 563 2399 ους
582 2339 653 2394 maie
670 2339 821 2411 suspicatur
839 2338 890 2409 (ci.
908 2359 936 2410 p
952 2337 1010 2408 35)

292 2428 332 2481 sd
351 2448 381 2499 ps
397 2427 440 2483 tt.
485 2425 589 2482 Excidit
607 2425 651 2482 hic
668 2424 760 2482 Sohoi.
780 2425 811 2482 11.
828 2449 847 2494 s,
865 2426 931 2482 404:
958 2428 1017 2480 Καὶ
1034 2425 1182 2498 Ζηνόδοτος
1205 2421 1287 2480 di⁰
1255 2449 1298 2479 orr-

242 2535 294 2574 sssc
312 2517 480 2568 indiderent·
508 2509 555 2567 stis
571 2511 623 2587 reip
648 2514 704 2584 ἑξῆς
722 2517 876 2584 ussippooe·
903 2515 966 2584 spari
985 2511 1155 2575 Diuitiaene.
1206 2517 1299 2580 Vides,

242 2622 312 2676 quae
330 2623 409 2659 nausa
428 2603 600 2657 Zenodoteae
618 2605 769 2674 scripturae
787 2601 882 2669 suerit,
899 2602 1008 2670 coniici,
1028 2621 1117 2676 neque
1135 2614 1210 2658 certo
1228 2621 1299 2658 oon-
1359 2634 1367 2645 κ
1433 2683 1434 2694 ¹

241 2693 342 2747 stitisse.

293 2778 446 2851 Adpst.
466 2785 499 2846 Φ,
519 2778 746 2836 metrodorus
772 2798 786 2832 e
809 2777 885 2832 lihris
913 2777 1076 2844 svsrrtoyuris
1094 2780 1213 2842 retinuit,
1244 2779 1294 2832 uhi

241 2866 411 2920 Aristarchus
426 2885 455 2920 er
469 2867 527 2920 aliis
539 2867 614 2920 tibris
629 2867 728 2922 rectius
746 2885 788 2920 sss
805 2863 928 2934 ritey'rsis.
942 2867 1109 2940 ctfleynius
1119 2865 1179 2922 vltl
1196 2867 1296 2940 pato.

294 2954 337 3007 Ad
357 2974 382 3025 p.
400 2954 445 3011 85.
480 2954 585 3010 Excidit
602 2955 679 3010 loeus
696 2956 727 3010 11.
746 2978 772 3023 r,
794 2955 862 3023 126,
881 2957 928 3010 uhi
945 2955 1116 3023 Zenodotus,
1135 2955 1297 3028 Aristopha-

242 3060 290 3096 nes
308 3053 334 3097 et
352 3041 521 3098 Aristarchus
538 3037 694 3115 nopoept'ps,
713 3043 759 3099 elii
776 3047 930 3116 nepsnptpr
945 3064 1015 3117 quae
1033 3045 1127 3100 eadam
1145 3046 1297 3119 scripturae

241 3131 353 3186 varietas
368 3151 397 3198 χ,
415 3132 466 3188 iit
485 3132 612 3188 obtinuit.
647 3131 798 3206 Utramque
817 3134 978 3206 scripturam
995 3133 1195 3191 Grammaticos
1212 3137 1242 3190 in
1259 3135 1297 3189 ii-

241 3221 296 3276 bris
314 3221 445 3276 invenisse
462 3234 535 3294 puto,
554 3233 672 3294 quorum
690 3221 757 3276 haec
774 3241 804 3275 es
818 3220 871 3276 aiio
889 3221 950 3276 ioco
967 3241 992 3291 o,
1008 3222 1062 3279 iffi
1079 3225 1212 3294 spissim
1224 3243 1297 3293 μαρ-

240 3313 338 3382 μαρέην
356 3310 426 3366 maie
444 3311 498 3366 huo
523 3311 649 3366 translata
667 3311 778 3366 ridetur.
826 3307 987 3382 Μὰρρὰριος
1005 3311 1179 3368 Homericum
1204 3311 1296 3384 clipei,

241 3401 277 3464 ii,
296 3399 365 3468 293)
384 3411 409 3454 et
428 3399 529 3471 aegidis
546 3401 585 3472 (o,
602 3399 669 3468 594)
687 3401 810 3452 intortos
827 3409 874 3454 est.
910 3401 1067 3470 Hopovptps
1084 3398 1298 3466 praevertebat

241 3485 296 3540 Od.
316 3489 342 3552 δ,
365 3488 423 3544 115.
445 3509 478 3557 τ,
499 3489 568 3556 225,
593 3490 710 3542 dtninso
728 3491 875 3558 πορφυρέῳ
891 3486 946 3542 Od.
964 3509 990 3554 s,
1008 3489 1069 3544 241.
1111 3487 1156 3540 Ci.
1174 3487 1297 3560 iieyaius

241 3573 279 3626 Ν
297 3593 324 3646 p.
341 3574 404 3631 473.

294 3662 336 3716 Ad
353 3683 380 3734 p
393 3662 452 3720 112.
488 3663 593 3720 Excidit
611 3677 673 3720 noto
688 3663 737 3724 26:
754 3665 847 3738 Lengii
866 3676 1066 3736 argumentum,
1084 3667 1166 3718 dovre
1185 3684 1200 3718 e
1218 3663 1296 3736 prio·

241 3750 316 3808 rihus
334 3751 498 3807 editionibus
516 3753 545 3806 in
563 3753 748 3808 Zenodotearn
765 3752 914 3820 transiisse,
934 3771 967 3809 es
984 3751 1134 3824 probantis,
1152 3751 1225 3824 quod
1240 3750 1295 3804 Ze-

241 3839 358 3896 nodotus
374 3859 478 3912 versum
496 3841 618 3913 spurium
636 3840 771 3908 hahuerit,
796 3841 966 3895 'rarissimum
983 3861 1039 3896 esse
1057 3862 1086 3894 es
1105 3840 1145 3909 iis,
1163 3860 1232 3914 quae
1247 3840 1297 3894 in-

240 3930 282 3982 fra
302 3949 326 3983 c.
346 3928 382 3981 ΧΙ
400 3929 434 3982 de
452 3926 585 3984 Zenodoti
604 3931 684 3986 obelo
703 3931 866 3997 docebimus,
886 3930 1034 4002 apparebit.

294 4017 336 4072 Ad
356 4021 380 4089 p'.
399 4017 457 4075 119.
493 4018 677 4073 Numeratium
696 4029 922 4074 commutatorum
940 4017 1091 4091 exemptum
1110 4025 1194 4072 unum
1209 4015 1297 4070 hahe-

242 4123 301 4159 mus
321 4127 353 4172 s,
371 4105 438 4174 216,
464 4107 510 4163 ubi
536 4127 587 4180 pro
605 4105 662 4162 ἕπτ’
679 4129 708 4162 es
727 4108 908 4164 inieticissima
926 4107 1112 4164 emendatione
1134 4106 1239 4178 scripsit
1255 4105 1294 4170 it.

149 4227 154 4232 -
242 4190 277 4246 ci.
295 4191 386 4248 Schol.
403 4218 421 4263 s,
444 4195 503 4252 131.
523 4197 580 4251 vide
599 4215 679 4269 supra
699 4217 726 4267 p.
750 4193 821 4254 123.-
