2886 4890
665 395 711 468 71

323 575 398 652 Ἤδη
415 583 465 652 γάρ
482 601 514 644 με
534 583 577 632 κοί
595 577 659 632 iilic
677 575 728 649 τεν)
741 581 873 636 ε’πλνυοοεν
891 585 1002 652 λοετμὴ,

163 672 318 726 Zenodotus
338 673 385 743 τεῇ
409 672 520 740 ἐφετμῇ,
544 668 591 722 ubi
611 668 730 740 Heynius
747 667 807 736 (Vll
831 689 857 742 p.
878 671 943 734 678)
966 671 1082 727 dativum
1111 674 1215 746 probat.

163 763 199 817 At
218 761 253 814 cf.
271 780 339 834 quae
356 758 547 813 llumboldtius
564 767 636 812 recte
654 755 782 830 opposuit
801 757 889 831 (Opp.
910 761 935 811 V
953 780 980 832 p.
1000 761 1059 830 31).
1096 762 1150 816 Pro
1167 782 1216 834 ge·
1275 773 1278 778 '

164 849 248 901 nitiro
273 848 403 917 πυρκαϊῆς
421 843 571 917 (inertiores)
599 845 716 900 dativum
743 849 862 918 πυρκολῇ
885 847 1040 903 Zenodotus
1059 847 1164 920 scripsit
1189 871 1215 919 η,

163 937 218 994 428
237 937 320 1005 (adde
340 935 421 1002 431),
442 935 513 1008 quod
531 939 698 1005 χαριέστερον
715 934 819 989 videtur
837 933 957 1007 Didymo
970 936 1024 1004 ²¹),
1050 937 1096 1008 qui
1115 954 1144 1003 η,
1165 938 1215 995 165

163 1035 312 1096 comparat·
351 1021 636 1092 Genitivum'lopimue
654 1041 689 1088 ον,
714 1021 767 1079 589
789 1024 897 1088 (λεχέων
916 1023 1068 1092 tulupam),
1098 1024 1215 1078 dativum

162 1112 221 1165 aliis
238 1111 317 1178 locis,
341 1123 370 1166 ut
388 1133 414 1176 τ,
435 1110 495 1166 107.
511 1129 536 1176 υ,
555 1106 617 1164 369.
658 1107 714 1162 Od.
732 1132 750 1176 ι,
768 1108 831 1166 232.
851 1108 912 1164 243.
957 1109 1110 1181 Utrumque
1134 1109 1161 1164 in
1182 1111 1216 1164 ti-

163 1199 217 1254 bris
235 1211 299 1254 erat.
336 1205 368 1268 Γ,
387 1197 439 1254 259
459 1195 613 1252 zenodotus
637 1206 664 1250 et
678 1195 850 1250 Aristarchus
872 1198 1000 1268 incipere,
1025 1197 1070 1252 alii
1088 1197 1216 1268 ἑταίρους,

161 1287 318 1342 zenodotus
334 1287 445 1341 fortasse
463 1285 595 1338 librorum
613 1283 956 1356 scripturam'emendarit,
979 1285 1087 1357 duplice
1105 1305 1216 1341 accusa-

161 1377 214 1431 tivo
234 1376 363 1445 (irotpovc
378 1373 485 1439 ἵππους)
505 1373 640 1438 oisensns3
659 1372 731 1445 quoti
750 1373 772 1425 si
791 1371 861 1439 lecit,
880 1390 916 1426 uc
928 1372 1040 1440 dubites,
1062 1385 1134 1427 rocta
1153 1391 1214 1426 euru

160 1465 263 1519 secisse.
301 1461 343 1516 Cf.
362 1467 388 1529 β,
406 1461 460 1517 442
478 1481 517 1534 sq.
536 1461 628 1527 r,:658
644 1481 683 1534 sq.
702 1481 730 1526 π,
748 1461 804 1517 727
821 1481 862 1533 sq.
907 1459 1033 1514 Datirurn
1053 1461 1215 1532 rporeponi·

159 1549 214 1620 χεο’
230 1551 318 1610 ἵπποις
335 1551 440 1622 scripsit
457 1571 478 1616 ε,
496 1549 549 1605 323
570 1568 620 1623 pro
639 1545 837 1619 κρατερώνυχας
860 1548 966 1612 ἵππους,
991 1569 1075 1622 quum
1095 1551 1149 1604 duo
1169 1567 1216 1602 ac·

161 1641 269 1696 cusatiri
289 1657 352 1692 euru
371 1637 443 1694 male
459 1638 597 1692 haberent.
645 1638 681 1692 At
705 1643 803 1698 μέθεπε
822 1636 991 1692 Aristonicus
1013 1649 1086 1692 rectc
1104 1637 1216 1710 explicat

161 1726 269 1782 κὰτοπον
288 1726 594 1800 ἧλουνε,,νοε1τυπκηιιο,
616 1726 682 1781 alias
698 1726 863 1780 intransitive
882 1725 983 1780 dictum
998 1727 1048 1798 ΩΒ),
1067 1727 1111 1782 hic
1129 1737 1215 1783 trans-

161 1801 230 1873 itivo⁸
247 1820 371 1890 ponitur,
393 1827 455 1887 post
474 1816 626 1868 Diomedem
643 1833 725 1888 equos
742 1833 808 1885 ogr,
834 1815 906 1870 unde
927 1815 1064 1872 infelicem
1083 1814 1214 1868 Zenodoti

110 1959 117 1968 ,
161 1907 343 1960 coniecturam
363 1917 434 1962 recte
455 1903 614 1959 reiecerunt.
646 1909 677 1972 P,
696 1903 751 1959 592
768 1903 849 1973 (adda
868 1905 894 1972 ελ,
913 1905 981 1974 212)
997 1903 1153 1958 zenodotus
1168 1901 1215 1954 κτλ·

162 1999 223 2064 κλη,
242 1994 410 2048 Aristarchus
425 1993 525 2056 κύκλος,
545 1993 615 2064 quod
635 1992 765 2064 significet
778 1989 871 2051 κύκλος
888 1993 1015 2059 γενόμενον
1034 1992 1084 2058 (cs.
1098 2011 1123 2058 υ,
1141 1988 1214 2058 166),

160 2083 340 2147 llerodianus,
359 2079 447 2135 Nicias
464 2091 491 2133 ct
508 2079 677 2134 Ptolemaeus
692 2079 845 2132 Ascalonita
864 2077 976 2146 κυκλός’,
1000 2099 1081 2150 quam
1098 2079 1215 2150 scriptu-

159 2192 216 2226 ram
235 2172 289 2224 iarn
306 2165 474 2222 Aristarchus
491 2167 646 2237 cognovisse
671 2178 698 2219 et
721 2185 753 2218 eo
772 2167 894 2218 reiecisse
919 2167 1034 2229 videtur,
1060 2166 1134 2236 quod
1157 2185 1212 2220 non

159 2255 283 2324 κυκλόοε,
311 2255 355 2308 sed
382 2249 491 2313 κυκλόςι
515 2251 605 2306 locum
634 2253 737 2308 haheat.
789 2252 842 2306 Aut
868 2253 961 2320 fallor,
991 2263 1037 2306 aut
1060 2252 1215 2308 Zenodotus

160 2344 245 2412 κύκλῳ
264 2354 291 2396 et
309 2338 410 2394 κυκλὸσ’
432 2340 461 2392 in
486 2339 561 2393 libris
579 2341 731 2410 invenerat,
757 2340 936 2396 Aristarchus¹
950 2357 1013 2394 raro
1032 2340 1212 2396 coniecturam

160 2431 277 2485 tentarit.
366 2457 370 2464 ·
626 2427 628 2432 ’
884 2415 888 2432 ’

214 2517 412 2572 Αοουταίίνκπε
437 2533 489 2589 pro
514 2513 678 2569 nominativo
699 2515 805 2570 duobns
829 2515 896 2571 locis
912 2516 1069 2590 reperimus.
1104 2522 1140 2584 Ν,
1158 2518 1212 2575 485

158 2609 186 2662 in
206 2617 298 2661 versut

324 2697 359 2746 Ei
375 2689 426 2765 ηοῖρ
445 2689 566 2765 ὁμηλικίη
582 2713 612 2760 ηε
629 2696 770 2762 γενοίμεθα
788 2693 854 2766 τῷδ’
871 2699 912 2748 lut
930 2697 1018 2765 θυμῷ,

157 2783 313 2838 Zenodotus
339 2778 487 2851 ὅμηλικίην,
516 2781 560 2835 alii
584 2776 715 2853 ὅμηλικίη.
758 2783 794 2838 At
812 2783 992 2838 nominativus
1015 2778 1136 2854 ὅμηλικίη
1161 2801 1211 2853 pro

158 2869 276 2942 ὅμηλικες
293 2881 416 2942 praestat.
459 2867 503 2924 Cf.
521 2867 660 2924 Bekhe'rl.
682 2871 700 2925 l.
727 2891 753 2943 p.
775 2871 834 2927 141.
857 2893 884 2941 r,
902 2871 961 2929 175.
985 2892 1004 2936 ε,
1023 2871 1086 2928 326.
1104 2895 1128 2942 ν,
1149 2872 1211 2928 431.
1310 2941 1313 2949 Δ

157 2981 182 3030 v,
202 2958 264 3015 465.
300 2958 397 3025 OM,
420 2957 480 3015 138.
494 2981 523 3026 η,
541 2958 634 3026 4311)
654 2958 756 3023 tutet,
774 2959 816 3016 23.
833 2982 861 3028 χ,
880 2961 942 3018 209.
1002 2960 1120 3030 Ξ,34οι

317 3043 397 3099 Ἔνθ’
414 3051 484 3109 λομεν
501 3054 630 3113 κείοντες,
649 3050 704 3100 luri
722 3046 754 3100 νύ
771 3069 813 3100 τοι
831 3046 922 3102 εὔαδεν
939 3047 1009 3121 εελνή,

159 3135 315 3188 Zenodotus
333 3145 359 3188 ot
377 3133 568 3206 Aristophanes
585 3131 674 3203 εεῗνήν,
697 3134 730 3188 ad
757 3141 867 3196 κείοντες
885 3137 1011 3204 relatum,
1028 3139 1209 3193 retinuerunt.

156 3223 324 3279 Aristarchus
342 3241 432 3275 verum
452 3239 468 3275 e
484 3222 560 3276 libris
581 3222 701 3276 restituit.
743 3223 787 3275 Do
805 3242 828 3276 ν.
847 3231 920 3278 κείων
939 3227 973 3279 cf.
991 3224 1045 3277 od.
1063 3228 1087 3289 i,
1105 3225 1168 3281 532.
1186 3243 1210 3291 o,

156 3315 219 3369 427.
238 3333 265 3381 τ,
283 3312 328 3367 48.
363 3311 406 3364 De
425 3311 574 3364 accusativo
587 3310 694 3382 genitivi
713 3311 774 3364 loco
795 3311 843 3364 tria
862 3323 950 3366 extant
967 3312 1096 3383 exempla.
1114 3315 1149 3375 Λ,
1158 3313 1211 3368 437

158 3401 314 3454 Zenodotus
329 3400 398 3469 χρόα
410 3398 531 3470 ἔργαθεν,
550 3398 719 3452 Aristarchus
730 3399 809 3469 χροὸς
825 3399 1209 3468 1’ργαθεν,.υΙείΖκυοᾶοῑςυιπ

155 3500 228 3544 recte
248 3485 439 3560 praetulerunt.
475 3486 518 3542 Cf.
535 3507 556 3556 ε,
577 3487 637 3543 147.
674 3487 822 3555 Quomodo
841 3487 1009 3545 Aristarchus
1032 3509 1108 3542 suam
1133 3490 1213 3545 intel-

136 3578 247 3632 'lererit
264 3578 442 3649 scripturam,
459 3589 540 3630 nomo
559 3576 648 3631 adhuc
667 3575 812 3648 perspexit,
832 3577 901 3631 adeo
918 3588 949 3630 ut
965 3576 1089 3650 Spitaner
1107 3577 1140 3632 de
1159 3578 1211 3634 fide

155 3665 318 3720 scholiastae
332 3664 473 3718 dubitaret.
510 3665 581 3718 Num
593 3660 681 3716 πάντα
690 3661 769 3736 χροός
777 3667 923 3734 coniunxit,
943 3667 1016 3739 quod
1028 3680 1212 3740 opponeretur

155 3812 438 3824 ---——-—-—-——-—--·

209 3901 257 3966 21)
278 3897 413 3972 Spitrner·:
440 3897 570 3969 „Suavius
593 3900 627 3952 ad
647 3920 724 3954 aures
749 3901 845 3958 accidit
863 3901 1052 3972 Scholiastac,”
1071 3922 1125 3976 quo
1144 3902 1209 3958 illud

153 3977 322 4042 χαριέοτερον
341 3973 430 4025 minus
449 3983 520 4024 recte
540 3971 635 4026 reddit.

209 4061 259 4127 22)
279 4057 322 4114 Cf.
341 4067 372 4126 θ,
393 4058 452 4116 126.
468 4081 492 4126 ν,
510 4058 579 4145 567,
607 4061 653 4114 ubi
673 4062 812 4116 accusativi
831 4082 845 4116 a
864 4060 1063 4136 praepositione
1084 4058 1210 4130 pendent.

211 4149 260 4220 23)
279 4145 360 4202 ’attici
379 4144 500 4218 νεώτερὸς
517 4153 602 4215 ἐστιν,
624 4144 744 4220 implexis]
764 4146 790 4203 δ’
810 4147 971 4216 luvintini,

156 4223 202 4276 ubi
222 4219 312 4278 Schol.
330 4218 465 4291 ὁμηλικίην
483 4219 562 4290 legit,
579 4239 652 4291 quac
669 4222 725 4275 sine
745 4221 831 4276 dubio
850 4218 980 4276 Zenodoti
1000 4217 1140 4290 scriptura.
