2880 4888
682 367 731 462 42

183 553 228 608 tali
248 551 331 608 modo
348 555 477 623 abuteris,
497 553 644 634 timendum
658 567 716 622 est,
742 575 777 610 ne
796 554 861 610 nihil
879 567 909 610 'es
928 565 1052 626 accurata
1071 573 1161 609 rerum
1181 554 1235 608 dis·
1281 559 1285 568 “

173 643 327 726 ιτμιίεἰιὶοιιε
346 644 434 717 colligi
454 663 530 717 posse
543 644 702 700 confitearis.
739 644 833 720 Quum
853 655 892 701 tot
909 643 1117 704 Homericorum
1136 643 1236 698 cursui-

182 751 249 784 num
269 721 400 788 editiones
418 735 496 788 tantis
513 733 663 805 sumptibus
688 733 788 805 ubiq'ue
813 733 934 805 gentium
960 745 1127 805 comparatas
1144 732 1236 792 Ptole·

183 819 252 872 maei
271 821 461 893 collegisseot2
475 822 534 894 quis
553 822 660 888 credat,
678 823 858 888 Zenodotum‚
876 821 1099 894 Aristophanem,
1118 821 1235 877 Aristar-

182 908 278 975 chum,
307 908 346 962 his
365 909 526 964 editionibus
549 904 577 964 iri
601 910 776 972 emendandis
802 909 882 964 divini
907 923 1002 983 poetae
1026 910 1154 982 operibus
1178 930 1233 964 uon

181 1017 260 1062 usos,
279 996 400 1069 vulgares
417 998 547 1052 editiones
565 998 605 1052 his
623 1009 753 1053 vetustate
766 997 797 1052 et'
809 1015 914 1056 summa
933 1000 1104 1054 accuratione
1123 997 1236 1070 iusigni-

181 1089 234 1140 bus
252 1087 409 1158 magnisque
428 1087 525 1158 opibus
544 1087 641 1159 emptis
664 1086 818 1157 praetulisse
829 1087 886 1154 ’,Ἦ
922 1087 1027 1158 Duplex
1046 1105 1108 1142 sero
1124 1087 1236 1146 Homeri

181 1174 343 1248 emendandi
362 1174 401 1227 ria
422 1175 483 1228 iniri
506 1176 606 1247 potuit,
626 1195 711 1248 quum
728 1188 776 1231 aut
793 1175 914 1247 vulgares
932 1176 1071 1242 editiones,
1090 1194 1159 1247 quae
1179 1193 1235 1232 nou

183 1261 298 1314 multum
328 1261 467 1316 dissimiles
490 1264 662 1332 serebantur,
688 1265 724 1319 ita
742 1269 901 1336 'sequeretur
918 1259 1083 1336 διορθωτής,
1111 1275 1139 1315 ut
1157 1261 1235 1316 hase

167 1343 314 1403 ¹ret'eribus
337 1349 392 1404 illis
407 1351 583 1404 Alexandriae
599 1351 717 1410 collectis
736 1353 898 1425 corrigeret,
926 1363 973 1406 aut
997 1350 1045 1404 bos
1067 1351 1139 1421 ipsos
1166 1349 1236 1404 ariti-

182 1437 324 1510 quissimos
342 1439 424 1492 libros
443 1459 528 1493 norae
543 1440 708 1494 recensionis
724 1441 931 1501 {undamentum
951 1439 1025 1512 quasi
1045 1438 1152 1502 iaceret,
1178 1455 1237 1494 me·
1296 1477 1299 1488 .

173 1525 265 1594 liora,
296 1546 366 1599 quae
389 1527 439 1598 ipsi
462 1527 648 1595 ridebantur,'
665 1539 715 1582 aut
737 1547 752 1580 e
777 1527 931 1599 vulgaribus
958 1525 1121 1583 editionibus
1147 1535 1193 1578 aut
1221 1542 1236 1578 e

182 1631 255 1668 mera
275 1617 445 1683 coniectura,
469 1615 491 1669 si
510 1613 619 1688 quando
638 1614 810 1679 offendebat,
840 1615 987 1668 restituens.
1038 1611 1163 1681 Quarum
1183 1611 1237 1664 ria·

181 1721 243 1756 rum
262 1703 409 1775 posteriore
427 1703 597 1759 Zenodotum
625 1704 674 1758 sibi
701 1701 930 1776 progrediendum
958 1719 1013 1754 esse
1037 1697 1170 1753 censuisse
1188 1697 1236 1751 tibi

181 1789 401 1844 verisimillimum
418 1791 483 1857 erit,
503 1791 644 1863 cogitanti,
668 1789 741 1846 hunc
759 1791 974 1848 criticumtanta
991 1787 1062 1860 regis
1080 1785 1236 1840 liberalitate
1265 1797 1267 1802 ’

181 1879 410 1952 magnanimoque
427 1879 528 1934 litteras
544 1881 720 1952 promovendi
738 1880 827 1958 studio
844 1875 1043 1950 diguum'opus
1062 1875 1235 1930 conditurum

181 1985 242 2018 non
257 1966 285 2020 in
296 1965 401 2020 'leviore
420 1966 561 2040 illatopera
576 1968 692 2040 potuisse
709 1969 859 2023 subsistere.
903 1968 991 2041 Atque
1011 1982 1120 2038 prorsus
1137 1983 1234 2016 novam

181 2053 291 2107 Homeri
312 2055 493 2108 recensionem
510 2057 682 2110 Zenodolum
706 2057 808 2110 dedisse
823 2055 932 2121 omnia,
960 2073 1029 2126 quae
1052 2053 1085 2107 de
1103 2053 1161 2106 eius
1178 2063 1234 2106 stu-

181 2140 231 2194 diis
256 2141 405 2196 Homericis
429 2144 602 2209 reieruotusp
631 2144 761 2198 iudicant.
815 2143 912 2200 Suidas
939 2142 1062 2197 criticum
1088 2139 1233 2212 Ephesium

181 2241 254 2283 recte
270 2229 387 2300 primum
406 2230 518 2282 Homeri
535 2227 689 2299 dispunctis
707 2240 799 2297 vocat,
818 2247 873 2284 non
888 2228 961 2300 quod
979 2239 1056 2288 autea
1077 2245 1158 2282 nemo
1177 2228 1233 2281 llo-

183 2335 259 2368 mero
277 2316 447 2370 emendando
465 2333 575 2390 operam
594 2317 711 2380 dederit,
729 2317 775 2370 sed
795 2317 867 2390 quod
886 2317 945 2388 ipse
960 2316 1063 2388 primus
1079 2335 1096 2372 a
1113 2314 1234 2379 vetustis-

134 2437 138 2452 .
183 2403 311 2456 simorum
337 2404 470 2459 librorum
494 2406 650 2460 auctoritate
669 2405 835 2473 Homerum,
859 2405 959 2464 iudicio
978 2405 1081 2476 ubique
1106 2403 1233 2470 adhibite,
1277 2413 1298 2456 .“

168 2489 375 2546 'restituendum
391 2493 609 2566 sthi-sumpserat
622 2493 670 2562 ⁵⁷),
701 2495 773 2548 uude
790 2495 934 2549 Ausonius»
945 2494 973 2547 in
992 2493 1057 2548 ludo
1072 2504 1173 2565 septem
1190 2511 1234 2546 sa·

181 2578 303 2650 picotum
324 2583 356 2637 12
368 2581 436 2636 'rere
454 2583 595 2654 coniungit
621 2601 754 2636 censorem
771 2583 967 2636 Aristarchum
991 2599 1164 2653 cornuumque
1177 2583 1231 2632 -Ze-

180 2669 282 2725 nodoti.
327 2670 417 2742 Atque
441 2671 511 2728 banc
527 2671 709 2726 Zeoudstea'm
733 2672 919 2728 recensionem
941 2671 1042 2728 sontem
1062 2668 1142 2727 luisse
1161 2669 1233 2722 ride·

181 2775 240 2810 mus
259 2757 328 2812 illius
345 2758 551 2816 Homericorum
577 2761 727 2815 carminum
748 2761 869 2830 formae,
899 2781 968 2833 quae
996 2772 1085 2832 postea
1109 2759 1233 2813 obtinuit.

180 2845 247 2899 Nam
267 2847 457 2920 Aristophanes
476 2849 597 2921 plurimis
623 2849 688 2904 locis
704 2851 873 2905 Zenodotum
900 2833 1100 2922 praeceptorem
1127 2859 1233 2902 secutus

180 2945 218 2988 est
236 2946 261 2988 et
276 2936 358 3007 ipsius
378 2937 521 2992 Aristarchi
541 2956 622 3010 opera
648 2941 675 2990 in
694 2937 847 2993 Zenodotea
875 2938 1030 2992 recensione
1055 2957 1069 2990 e
1094 2921 1254 3001 subliliore*

180 3023 343 3095 potissimum
363 3025 471 3097 liuguae
489 3027 643 3098 cognitione
659 3026 827 3080 emendanda
846 3027 913 3082 adeo
933 3038 1032 3081 versata
1053 3037 1106 3091 est,
1131 3036 1161 3079 ut
1179 3025 1232 3092 ille,

181 3113 278 3183 quibus
302 3113 367 3168 locis
392 3115 427 3166 ab
455 3133 487 3168 ea
512 3115 674 3179 discederet,
706 3118 803 3184 διπλῆν
833 3120 1041 3186 nrpuorsyru'spv
1058 3123 1231 3183 ¹apponeret.

180 3201 325 3255 Aristarchi
350 3201 493 3254 auctoritas
518 3201 640 3272 plurimis
667 3201 733 3256 locis
757 3202 883 3269 invaluit,
909 3201 967 3254 aliis
987 3217 1049 3257 vcro
1064 3199 1233 3252 Zenodoteas

177 3287 322 3360 scripturas
341 3289 525 3362 praetulerunt
542 3291 700 3363 posteriores
718 3290 802 3344 critici
814 3289 862 3358 ⁵⁸).

233 3377 349 3434 Maxime
366 3377 511 3432 dolendum
532 3389 578 3444 est,
597 3378 669 3450 quod
683 3377 774 3449 paucis
793 3387 895 3431 tantum
915 3375 980 3429 loc'is
997 3374 1229 3429 vetustissimorum

176 3465 309 3520 librorum
327 3465 490 3537 scripturae,
511 3485 577 3538 quas
594 3466 647 3519 iarn
666 3466 832 3520 Aristonicus
857 3478 884 3520 et
900 3463 1034 3536 Didymus
1059 3483 1112 3518 non
1131 3463 1232 3538 ubique

178 3555 329 3626 compertas
347 3554 509 3621 habuerunt,
528 3566 646 3610 servatae
663 3567 740 3620 suot;
759 3553 932 3609 nibilominus
950 3553 1104 3606 etiamnunc
1121 3553 1230 3625 probari

179 3653 278 3714 petest,
299 3641 350 3694 hos
369 3643 575 3720 antiquissimos
602 3643 732 3696 editiones
749 3643 912 3696 Zenodotum
930 3659 1009 3713 saepis
1029 3648 1151 3694 secutum
1166 3659 1230 3695 esse.

233 3823 282 3893 56)
302 3823 344 3880 Cf.
361 3845 430 3897 quae
450 3826 574 3882 hebr-sius
592 3828 625 3885 de
645 3830 724 3884 Arist.
743 3850 770 3901 p.
789 3827 842 3886 365
863 3849 922 3902 sqq.
940 3827 1067 3899 esposuit.

231 3897 280 3962 57)
300 3896 342 3950 Ci.
362 3897 480 3952 Wolsrus
498 3899 622 3972 Prolegg.
643 3921 668 3972 p.
685 3901 801 3956 CLXXX
819 3922 879 3974 sqq.
915 3898 993 3968 Quae
1006 3897 1145 3957 Lerschius
1160 3896 1226 3950 olim

177 3967 314 4094 ΙΙΙΙοὲ-ὺᾷιὸ
331 3989 373 4042 sq.
400 3970 434 4024 de
456 3974 597 4043 dispectus.
614 3973 768 4029 Zenodotea
791 3973 842 4033 sibi
866 3972 951 4040 finxit,
983 3970 1061 4024 hodie
1087 3970 1143 4040 ipse
1171 3988 1227 4056 pou

178 4059 197 4111 p
250 4059 264 4092 a
285 4061 314 4094 r.

143 4117 146 4122 ·
188 4125 190 4133 v
232 4111 281 4176 ss)
301 4110 343 4164 cr.
362 4109 451 4166 suu.
469 4135 495 4181 α,
514 4087 622 4184 sauls,
641 4115 684 4172 ss.
702 4114 765 4173 oss.
788 4137 810 4182 .,
829 4115 891 4172 227.
910 4110 971 4169 293.
991 4107 1054 4182 trs,
1078 4107 1135 4164 aui.
1152 4085 1226 4166 toci.

178 4181 247 4236 Vide
265 4180 409 4254 Bergidum
428 4184 456 4238 iu
476 4186 610 4256 ephemer.
627 4189 694 4241 stud.
712 4187 835 4258 antiquit.
856 4183 933 4240 1846.
951 4201 978 4253 p.
998 4180 1061 4237 482.
