2880 4888
740 405 792 480 48

296 603 358 669 „De
375 595 541 665 Zenodoto,''
558 593 645 667 inquit
660 590 787 649 Lehrsius
803 591 845 664 (p.
863 589 947 658 371),
959 589 962 596 ’
976 587 1036 657 „sic
1052 588 1151 644 iudico.
1187 589 1294 659 Quam·

245 709 325 764 quam
344 709 399 743 non
418 687 526 752 omnia,
549 682 692 755 inquibus
710 679 877 734 Aristonicus
895 679 979 732 utitur
997 665 1130 733 rocahulo
1146 678 1294 751 Zpridoaoc

243 785 344 848 issetque
362 777 401 830 rel
418 779 578 840 μετέγραφε,
606 770 767 826 coniecturis
791 768 886 822 similia
910 777 990 834 sunt,
1015 777 1106 820 tamen
1125 778 1151 821 et
1168 779 1294 824 constans

245 880 362 922 veterum
381 861 618 936 grammaticorum
638 859 746 930 opinio,
775 875 827 929 qua
846 857 902 928 ipsa
922 855 1019 910 ductus
1036 855 1202 909 Aristonicus
1219 875 1294 909 non-

233 931 400 1012 'nullanus
423 951 594 1005 coniecturae
616 946 725 1014 tribuit,
753 963 822 1017 quae
839 943 996 996 Zenodoteo
1019 954 1142 1015 tempore
1167 945 1194 997 in
1219 944 1295 998 libris

244 1042 414 1104 ferebantur,
440 1049 467 1094 et
489 1037 629 1108 complura
651 1034 796 1088 certissima
822 1032 942 1103 exempla
965 1051 1022 1084 non
1039 1031 1131 1112 sinunt
1148 1052 1198 1087 nos
1214 1033 1294 1086 duhi-

245 1144 317 1196 tare,
341 1127 406 1201 quin
427 1126 488 1180 satis
509 1124 593 1178 libere
619 1124 647 1175 in
669 1121 843 1193 scriptoribus
866 1119 1010 1174 tractandis
1038 1133 1153 1175 versatus
1177 1123 1210 1175 sit
1226 1141 1294 1176 con-

244 1207 405 1288 iecturisque
423 1211 586 1266 indulserit.”
621 1210 785 1276 zenodotus,
804 1207 850 1279 qui
869 1207 1014 1261 retussimis
1032 1228 1094 1262 usus
1109 1209 1183 1263 libris
1200 1209 1294 1276 multa,

244 1324 314 1377 quae
331 1301 451 1357 carmina
469 1300 557 1353 divina
575 1308 771 1363 contraxerant,
789 1297 848 1350 sitia
868 1294 1017 1350 emendarit
1034 1307 1115 1368 atque
1132 1297 1207 1352 locos
1224 1298 1294 1352 male

243 1395 358 1447 insertos
373 1387 485 1454 sustulit,
502 1405 599 1440 norum
618 1384 728 1438 Homeri
746 1384 906 1438 emendandi
924 1384 1129 1439 fundamentum
1147 1385 1218 1454 iecit,
1238 1406 1294 1458 qun

243 1477 412 1536 Aristarchus
430 1477 466 1529 ita
484 1493 547 1528 usus
565 1484 612 1537 est,
631 1483 676 1540 ut,
695 1471 768 1544 quod
786 1471 829 1523 ille
848 1470 1033 1538 inchoaverat,
1054 1471 1214 1538 absolveret,
1232 1473 1295 1542 plu·

243 1569 333 1634 rirnis,
351 1566 379 1619 ni
397 1563 491 1630 fallor,
511 1561 577 1616 locis
593 1560 762 1614 Zenodotum
782 1570 900 1625 secutus,
925 1558 983 1612 aliis
1002 1560 1132 1613 librorum
1150 1559 1295 1630 scripturas

158 1647 161 1656 Α
243 1677 257 1712 a
283 1654 425 1708 Zenodnto
451 1650 578 1705 audacter
604 1659 705 1720 spretas
728 1664 856 1702 resecans
882 1658 963 1718 atque
987 1659 1110 1701 accurata
1136 1646 1295 1702 Homericae

243 1742 367 1798 dictionis
385 1739 539 1811 cognitione
555 1756 634 1806 saepe
653 1736 765 1789 meliora
783 1735 891 1788 docens.
935 1734 1028 1802 Quum
1052 1754 1115 1788 vero
1136 1730 1181 1789 ille
1202 1736 1295 1788 Zeno-

244 1832 337 1884 dotum
356 1829 412 1881 lere
430 1827 461 1880 iis
485 1837 589 1880 tantum
616 1824 683 1877 locis
707 1833 960 1890 commemorasset,
979 1825 1026 1877 uhi
1049 1825 1084 1877 ab
1109 1842 1141 1878 eo
1165 1825 1295 1880 recedens

244 1917 300 1970 eius
315 1914 451 1968 licentiam
470 1923 496 1966 et
514 1931 620 1965 errores
637 1911 789 1981 castigabat,
807 1911 879 1982 quod
898 1912 968 1966 idern
987 1912 1147 1983 Apollonius
1163 1912 1295 1977 Rhodius,

244 1999 509 2073 DionysiuslThras,
526 1983 724 2064 alii'secerunt,
756 2017 895 2070 quumque
913 2019 982 2072 quae
1001 1999 1166 2056 Callistratus
1182 2013 1208 2055 et
1227 2001 1296 2054 Pto·

242 2091 360 2144 lemaeus
378 2087 516 2160 Epitheta,
542 2098 571 2140 ut
589 2087 759 2140 Zenodoturn
782 2087 973 2154 defenderent,
997 2091 1174 2160 scripserant,
1199 2101 1295 2144 contra*

242 2176 387 2232 Aristarchi
411 2175 596 2230 auctoritatem
615 2173 680 2228 nihil
707 2173 837 2242 valerent,
869 2175 969 2228 lactum
996 2187 1048 2243 est,
1076 2187 1106 2229 ut
1133 2175 1295 2246 posteriores

242 2264 342 2338 ubique
360 2263 416 2318 iere
442 2263 475 2316 de
492 2262 625 2316 Zenodoti
650 2261 757 2316 licentia
782 2274 808 2316 et
830 2262 1000 2334 ignoratione
1028 2264 1189 2336 cogitarent,
1214 2285 1294 2338 saepe

242 2352 376 2406 immerito
394 2362 475 2423 atque
492 2351 674 2419 iniustissime,
693 2349 767 2422 quod
786 2351 865 2404 certis
881 2351 1007 2422 exemplis
1025 2371 1105 2424 supra
1124 2353 1295 2408 demonstra-

242 2441 333 2494 vimus
369 2439 439 2493 ilinc
456 2437 613 2505 conficitur,
638 2449 667 2492 ut
690 2438 764 2492 nulla
783 2438 816 2492 sit
833 2457 941 2507 eorum,
966 2439 1063 2511 quihus
1082 2440 1249 2495 Aristonicus
1266 2453 1294 2494 et

243 2527 378 2600 Didymus
398 2526 573 2580 Zenodoteas.
588 2526 733 2599 scripturas
749 2527 889 2595 adserunt,
916 2528 1059 2582 verborum
1086 2529 1228 2584 auctoritas
1239 2531 1291 2598 ⁶⁹),

423 2651 530 2660 ---..,

244 2721 275 2782 ri
300 2721 351 2782 rtis
376 2733 503 2790 γυναῖκας
526 2729 738 2794 concentoribus,
757 2726 952 2789 losdoostodm,
986 2717 1020 2782 oie
1046 2719 1109 2793 παρ’
1125 2722 1291 2787 Αἰγυπτίοις.

242 2801 280 2863 rt,
300 2793 441 2850 tto-132
460 2797 614 2867 proscripsit
631 2796 815 2861 Aristarchus,
834 2795 876 2848 i'u
894 2792 1005 2862 disperde
1018 2795 1184 2864 ansius-ulo]
1203 2797 1292 2861 λέγειν·
1370 2821 1373 2826 ·

243 2863 349 2933 dyadis
366 2868 421 2918 tort
438 2870 541 2931 γυναικὶ
562 2873 719 2932 μίσγεσθαι·
743 2871 782 2923 l'sr
805 2871 834 2922 dl
859 2872 903 2920 cul
922 2863 1044 2918 sirasirim
1070 2865 1293 2935 dotrupngoiruris

242 2943 297 2991 iuri
316 2941 360 2989 sul
377 2936 492 2996 uultures
517 2950 573 2995 τοῖς
599 2943 635 2996 ric
662 2940 772 3001 uilium
796 2942 902 2999 litorius·
930 2945 1007 3008 χρεία
1030 2928 1082 3007 reip
1106 2934 1224 2996 εὐτονίας
1248 2944 1292 2990 eui

243 3005 396 3070 πνεύματος.
432 3006 501 3075 Quis
520 3007 579 3062 talia
599 3009 650 3064 vitu
673 3024 793 3065 arantem
810 3011 865 3064 aevi
885 3009 956 3063 illius
974 3028 1062 3062 mores
1081 3020 1228 3082 poetasque
1247 3031 1293 3065 ar-

243 3093 296 3136 lem
316 3098 371 3132 nors
390 3079 451 3130 satis
470 3091 634 3150 perspectam
654 3030 775 3136 hahuisse
794 3102 850 3136 non
866 3080 1009 3148 iutelligit?
1027 3079 1103 3134 Adde
1121 3080 1205 3144 locos,
1224 3101 1294 3153 quos

242 3150 371 3208 ridiculos
387 3149 452 3204 dicit
475 3160 502 3204 et
528 3152 590 3206 inde
615 3153 693 3208 obelo
716 3165 806 3222 notat,
832 3164 863 3208 ut
880 3173 901 3220 e,
919 3151 981 3210 838·
1012 3149 1034 3219 i,
1053 3150 1115 3206 311.
1140 3173 1166 3222 q,
1188 3151 1247 3210 l95.
1266 3176 1291 3222 a,

242 3223 304 3282 109.
323 3225 344 3286 i.
361 3219 423 3278 376.
441 3242 468 3289 τ,
485 3219 548 3278 365.
565 3245 594 3291 χ,
612 3223 675 3282 329.
765 3291 767 3298 y

296 3293 346 3363 69)
364 3293 522 3365 Saepissime
536 3297 633 3364 ’γράφη
650 3290 796 3365 quidoror
813 3293 941 3365 legimus,
968 3291 1014 3348 uhi
1038 3291 1132 3362 γράφει
1154 3313 1209 3350 nott
1230 3314 1294 3350 mtt-

243 3367 370 3422 tatinnem
397 3366 514 3431 indicat,
539 3369 584 3424 sed
610 3367 705 3422 eodem
735 3366 816 3420 modo
844 3366 957 3432 dicitur,
987 3384 1041 3436 quo
1067 3365 1190 3420 Latinum
1215 3368 1293 3439 legit.

242 3439 323 3507 Quod
342 3437 460 3492 Wolsrus
478 3438 617 3510 (Prolegg.
637 3445 668 3512 p.'
683 3437 769 3506 CCX)
788 3437 867 3504 dicit,
886 3436 1030 3507 praesentis
1048 3453 1124 3490 usum
1144 3437 1292 3508 legitimum

242 3528 298 3564 esse
322 3509 350 3562 in
376 3507 467 3576 libris,
493 3510 540 3581 qui
563 3511 642 3583 vulgo
666 3510 694 3563 in
714 3511 837 3574 manibus
863 3509 932 3576 siut,
962 3509 1077 3580 probare
1097 3510 1198 3580 nequit.
1250 3509 1293 3564 Cl.

243 3579 380 3633 Lehrsium
400 3591 500 3649 quaest.
518 3580 586 3651 epic.
604 3603 631 3652 p.
650 3580 686 3636 38
702 3600 761 3652 sqq.
781 3581 814 3633 de
831 3581 909 3634 simili
927 3599 957 3632 re
975 3581 1156 3634 disserentem.
1198 3580 1294 3654 Neque

242 3649 399 3717 μεταγράψαι
419 3669 521 3704 meram
540 3651 873 3721 coniecturamsignilrcat,
892 3652 936 3706 sed
955 3652 1053 3706 sariam
1072 3653 1230 3739 scripturam
1242 3654 1293 3722 (cl,

242 3743 271 3788 u,
279 3720 358 3788 100).
371 3718 495 3774 Ceterum
507 3722 539 3774 de
547 3723 678 3777 Zenodoti
690 3723 812 3776 varietate
825 3725 972 3795 scripturae
984 3723 1173 3792 legimusoriru
1183 3722 1293 3794 ποιήσας

241 3792 421 3862 (Aristonicus
431 3795 458 3858 d,
480 3792 539 3850 123.
554 3794 589 3848 cl.
600 3795 767 3848 Aristarchus
781 3815 807 3857 α,
825 3796 891 3852 424ι
907 3792 989 3848 ”Ertos
1012 3798 1152 3861 ποιοῦσιν),
1170 3803 1292 3865 ornetque

242 3864 421 3934 (Aristonicus
439 3884 464 3932 r,
483 3864 507 3922 9.
525 3871 555 3932 a,
574 3866 649 3936 312).
661 3866 725 3932 used
745 3868 779 3922 ct.
799 3873 829 3931 a,
849 3866 918 3932 ¹28).
938 3888 963 3931 a,
984 3865 1044 3922 316.
1064 3889 1092 3934 χ,
1114 3866 1188 3935 378),
1210 3889 1292 3929 με...

242 3949 318 3992 aaut.
355 3935 488 4008 Didymus
505 3956 530 4003 u,
552 3939 616 4004 tlt,
641 3939 691 3992 nisi
709 3937 884 4008 μιτασοιὴσας
908 3937 1060 4009 legendum.
1098 3938 1152 3992 Od.
1171 3942 1198 4005 d,
1220 3939 1292 4006 158),

242 4007 742 4149 ἴσῖ”111”ί.11.ἷ1ἶ1”111’.11711
760 4010 1292 4136 iiiiiidlliiilili‘iiiilioll

242 4159 331 4218 στίχον
349 4151 531 4218 (Aristonicus
549 4171 570 4219 r,
586 4101 687 4218 811111,
705 4151 768 4209 808.
787 4156 809 4220 i,
831 4151 907 4216 136),
933 4159 1092 4221 προστίθησι
1109 4153 1292 4218 (Aristonicus

242 4247 268 4296 p,
280 4223 359 4292 456),
376 4223 409 4278 de
422 4223 520 4278 ordine
529 4243 651 4278 versuum
669 4234 772 4280 mutato
785 4230 877 4295 τίθησι
888 4222 1067 4292 (Aristonicus
1080 4230 1110 4293 ll,
1129 4223 1174 4280 53.
1183 4245 1207 4294 a,
1218 4225 1292 4293 520),
