2886 4890
741 361 792 438 80

254 551 354 606 iectura
373 551 407 606 sd
426 550 516 608 locum
535 547 671 602 difficilem
696 545 889 601 sublevandum
908 546 1063 617 escogitata.
1101 546 1309 624 Coniuncpioum

255 657 305 711 pro
324 639 447 708 optativo
466 636 576 690 retinuit
593 634 617 702 λ,
635 634 699 703 838,
718 635 747 706 1))
766 655 816 706 pro
833 635 870 687 i'os
890 633 981 706 legens
991 633 1039 702 ⁴⁸).
1073 633 1116 688 De
1135 634 1308 690 coniunctiso

255 727 290 782 ci.
309 745 333 794 σ,
354 725 414 782 188.
450 725 583 781 Zenodoti
601 724 744 796 scripturas
757 745 783 789 γ,
800 722 853 780 459
872 733 899 775 et
922 743 945 787 ο,
964 721 1017 779 347
1034 722 1088 776 iarn
1105 707 1308 798 commemora·

255 815 347 868 vimus.
381 814 437 866 Pro
455 804 613 883 ὀτρύνεσθαι
631 811 736 882 scripsit
754 810 809 865 Od.
833 832 859 879 η,
877 810 930 866 222
949 806 1108 880 α’τρὺνεσθε,
1134 810 1208 882 quod
1223 824 1307 867 -recte

255 901 423 956 Aristarchus
452 901 550 956 reiecit.
599 901 634 954 At
654 899 822 954 Aristonicus
847 899 891 952 hic
915 909 941 952 et
958 920 983 965 γ,
1002 897 1056 955 459
1074 898 1213 954 Zenodoto
1232 899 1311 954 inin-¹

253 988 321 1042 riam
340 987 415 1055 fecit,
444 987 564 1042 infinitivi
590 1006 668 1040 usum
699 1005 749 1058 pro
772 987 926 1058 imperativo
951 1003 1014 1038 eum
1031 986 1167 1057 ignorasse
1190 999 1307 1046 conten-

253 1076 328 1131 dens.
364 1075 448 1144 Nam,
473 1087 502 1130 ut
520 1075 586 1129 alios
604 1075 679 1128 iocos
697 1074 816 1141 mittam,
843 1074 889 1126 uhi
908 1072 1063 1128 zenodotus
1080 1073 1240 1128 infinitivum
1257 1075 1307 1130 tali

254 1164 336 1220 modo
353 1164 469 1234 positum
489 1183 546 1218 non
564 1162 689 1230 mutarit,
716 1163 772 1233 ipse
790 1180 814 1228 σ,
835 1161 886 1218 112
904 1181 966 1214 eum
984 1162 1102 1229 servarit,
1122 1163 1167 1215 uhi
1187 1162 1307 1216 Aristar-

254 1251 319 1308 chus
333 1250 389 1318 4⁹)‚
417 1269 497 1323 quem
522 1251 682 1323 posteriores
699 1261 863 1322 sequuntur,
890 1245 1043 1319 ἀγορεύσατ’
1061 1269 1111 1321 pro
1130 1245 1307 1320 dropniouod'

254 1340 302 1409 (cf.
318 1346 347 1407 β,
367 1340 408 1396 10.
426 1363 444 1404 ν,
463 1338 524 1395 369.
552 1361 573 1402 a,
595 1338 673 1406 159),
698 1350 724 1394 st
741 1338 795 1393 Od.
814 1360 840 1404 ν,
856 1337 926 1403 213,
946 1337 991 1391 uhi
1017 1342 1161 1401 τίσασθαι,
1187 1357 1243 1390 non
1266 1345 1304 1390 τί·

254 1448 328 1481 σαιτο
348 1427 411 1500 legit
422 1425 470 1496 ⁵⁰).
514 1430 551 1492 Ν,
569 1426 621 1482 315
640 1425 774 1489 ἐσσύμενον
799 1423 939 1486 πολεμίζειν
965 1424 1075 1479 retinnit
1100 1442 1149 1498 pro
1166 1422 1306 1487 ἐσσύμενον

253 1520 382 1580 πολέμοιο.
420 1513 462 1571 Cf.
481 1517 504 1579 λ,
523 1517 576 1571 717
601 1519 753 1576 ἐσσυμένους
778 1512 929 1574 πολεμίζειν.
966 1511 1020 1566 Od.
1045 1515 1072 1579 d,
1091 1511 1144 1568 416
1168 1507 1306 1574 ἓσσῦμενὸν

253 1627 299 1677 αιρ
318 1603 418 1664 didius.
454 1605 491 1670 Ν,
509 1603 562 1661 787
583 1615 717 1658 commata
735 1613 797 1658 sunt
815 1601 944 1670 delenda,
964 1621 1048 1673 quum
1066 1599 1207 1664 πολεμίζειν
1225 1601 1304 1655 etad

254 1694 299 1750 oris
318 1697 374 1749 ἔστι
393 1693 469 1749 etad
489 1690 623 1754 ἰσούμενον
647 1693 788 1746 reseratur.
832 1688 982 1754 Ἐσσιῖμενος
1007 1709 1070 1746 cum
1098 1689 1214 1760 genitivo
1237 1690 1305 1742 suh-

254 1782 358 1837 stautiri
377 1781 496 1836 invenies
514 1780 631 1848 α,104,
653 1783 805 1842 tuosissimus
823 1781 959 1842 πολέμοιο,
985 1789 1012 1853 et
1033 1776 1088 1832 Od.
1106 1780 1133 1844 d,
1147 1775 1209 1843 733,
1227 1780 1304 1830 inov-

251 1873 342 1930 μένους
360 1888 406 1938 περ
426 1863 506 1922 idota.
542 1866 675 1939 Spitaneri
692 1867 831 1934 sententia,
848 1867 1019 1922 Zenodotuns
1032 1885 1088 1920 non
1103 1877 1202 1932 tames
1218 1865 1304 1933 libris,

253 1974 333 2028 quam
353 1974 382 2008 es
402 1954 459 2008 aiiis
482 1954 592 2008 Homeri
621 1954 699 2011 dictis
722 1955 897 2022 infinitivum,
925 1971 980 2027 quo
1007 1973 1117 2009 omnem
1146 1953 1308 2024 ambigendi
1382 1955 1394 1966 ’

253 2061 359 2096 eausam
386 2040 505 2108 tolleret,
528 2042 561 2096 od
589 2053 711 2096 nostrum
735 2043 826 2098 locum
846 2041 1025 2108 transtuiisse,
1046 2039 1102 2096 nou
1121 2040 1212 2109 rideo,
1232 2061 1305 2114 quo·

251 2130 334 2184 modo
349 2141 419 2184 stare
438 2129 536 2202 possit,
559 2127 643 2202 quum
666 2129 733 2186 nihil
757 2131 900 2205 impediat,
925 2129 1070 2202 quominus
1087 2133 1239 2192 ἐσσυμένους
1255 2150 1304 2182 πο-

252 2218 359 2282 λεμίζειν
377 2218 559 2290 coniungatur
571 2217 619 2288 61).

303 2307 449 2378 Porticipii
469 2326 518 2378 pro
537 2307 686 2360 indicativo
704 2307 781 2380 positi
807 2307 861 2362 duo
879 2304 1007 2362 hahemus
1032 2304 1160 2378 exempla.
1195 2309 1230 2372 B,
1251 2305 1305 2362 187

252 2390 299 2448 cair
316 2397 354 2462 τῷ
370 2391 422 2460 βάς
440 2395 546 2466 scripsit
564 2414 613 2465 pro
631 2391 678 2448 osis
695 2400 733 2465 τῷ
751 2397 797 2466 {aa
816 2406 842 2454 et
858 2400 879 2460 ξ,
901 2394 951 2452 169
973 2398 1094 2448 aaaron
1112 2415 1163 2467 pro
1181 2397 1303 2464 ἐσέθηκε.

252 2480 329 2549 Quas
347 2500 433 2533 meras
451 2481 530 2536 fuisse
547 2482 679 2537 Zenodoti
706 2483 887 2551 coniecturas,
912 2495 942 2538 ut
967 2481 1107 2556 sequentia
1133 2481 1228 2536 melius
1251 2483 1304 2536 ad-

252 2568 444 2640 iungerentur,
460 2568 606 2624 admodum
625 2571 764 2626 verisimile
784 2585 821 2626 est
837 2572 883 2641 52)Ι

250 2809 343 2876 πῆμα
362 2807 398 2858 at
417 2803 534 2871 λ’λσαν,
553 2805 599 2859 uhi
618 2805 693 2860 ἔλσαν
711 2808 812 2863 librarii
832 2829 908 2864 error
921 2819 968 2876 est,
987 2827 1072 2882 quum
1090 2827 1178 2862 versus
1196 2808 1228 2861 ah
1248 2806 1303 2862 hoc

250 2879 309 2949 ipso
328 2875 458 2929 vocabulo
476 2875 595 2945 incipiat.

305 2948 355 3014 48)
375 2946 464 3000 Schoi.
480 2945 614 3014 ΛοἝοι,
635 2945 780 3019 Ζρνὸδοτος
797 2951 843 3008 daci
860 2955 941 3023 τοῖιῆ
962 2950 1088 3020 (Villoiso
1106 2949 1144 3021 ἱ),
1163 2951 1233 3020 ἔήν,
1252 2950 1300 3004 uhi

250 3019 279 3089 ἔῃ
298 3018 442 3090 legendum
461 3038 516 3071 esse
531 3021 660 3090 suspicor.

303 3091 351 3158 49)
371 3089 444 3160 Quid
465 3089 647 3145 Aristarchum
667 3095 794 3163 moverit,
822 3094 952 3167 intelliges
976 3115 1004 3148 ex
1023 3090 1155 3148 schotA
1180 3091 1214 3146 ad
1241 3111 1302 3146 rer-

250 3181 309 3216 sum
331 3161 390 3217 143.
437 3161 474 3216 At
492 3161 526 3215 ci.
546 3183 615 3235 quae
633 3163 702 3218 infra
721 3167 754 3220 ad
774 3187 800 3232 α,
816 3167 867 3221 109
890 3167 1068 3221 monebimus.
1112 3165 1154 3218 Dc
1172 3164 1301 3218 Zenodo-

250 3246 290 3288 tea
310 3233 441 3306 scriptura
460 3231 550 3288 Schol.
569 3237 607 3289 As
624 3230 775 3300 ’Υποφαλνει
792 3235 823 3289 νδ
839 3235 980 3307 Ὁμηρικὸν
998 3239 1069 3294 ἔθος.

237 3346 241 3357 .
303 3305 351 3375 50)
370 3304 475 3359 Giesius
493 3325 520 3376 p.
539 3305 591 3362 289
621 3319 692 3362 recte
711 3319 817 3376 monet,
843 3309 976 3363 Wotfium
995 3307 1090 3380 Heynii
1115 3306 1299 3360 coniecturam

250 3384 338 3440 σφιίας
355 3375 464 3430 τίσ·ασθ’
482 3377 601 3450 recipere
625 3399 680 3433 non
707 3382 841 3443 debuisse,
869 3381 914 3433 sed
940 3380 1012 3453 quod
1038 3387 1141 3432 τίσαιτο
1165 3377 1299 3432 Zenodoti

251 3450 431 3501 coniecturam
451 3449 546 3514 habet,
565 3470 580 3504 e
599 3451 733 3524 digamma
753 3455 882 3524 ignorato
896 3449 998 3518 ortam,
1017 3469 1072 3504 non
1091 3449 1194 3522 probo,
1213 3469 1299 3522 quum

250 3519 420 3583 Zenodotus,
443 3519 490 3590 qui
509 3523 641 3603 πλμψαντε
668 3518 792 3576 ἐΰσκοπον
809 3521 875 3588 (Οᾶ.
893 3543 919 3590 α,
939 3522 1000 3588 38),
1019 3519 1077 3573 ἀλλ’
1095 3517 1174 3605 ου’τδς
1189 3525 1231 3574 ini
1246 3517 1300 3572 eri-

250 3587 719 3734 91111119λὲ1)θλὶῗξ,
729 3615 791 3717 ”ii
803 3594 1157 3734 iiiiiiiiiiiiiii'is
1175 3655 1299 3730 ...aa

249 3751 324 3794 paror
341 3732 540 3796 (ἐσσύμενον
567 3736 730 3796 πολέμοιο
755 3735 815 3789 dart
833 3741 881 3791 ,τοῦ
898 3733 1046 3806 ὁρμημένον
1058 3739 1094 3794 εἰς
1112 3729 1158 3786 cdv
1176 3731 1300 3800 πόλεμον)

250 3808 371 3872 πεποίηκε
399 3807 455 3854 καὶ
478 3800 660 3866 ἐσσύμενον
689 3806 892 3870 πολεμίζειν.
945 3814 981 3862 At
1007 3806 1152 3860 rectissime
1178 3806 1300 3876 Heynius

251 3875 302 3941 (Vi
322 3894 348 3946 p.
364 3873 431 3940 426)
452 3885 556 3928 monet:
584 3877 685 3949 „Atqui
705 3877 757 3933 hoc
775 3880 901 3950 ignorare
916 3878 1020 3950 nequiit
1038 3875 1207 3932 zenodotus!
1244 3876 1300 3943 Sed

250 3956 406 4018 reppererat
422 3943 467 3998 itte
484 3946 593 4000 alteram
612 3947 755 4004 lectionem
779 3953 806 4004 in
825 3950 878 4004 suis
901 3951 1045 4006 codicibus.
1094 3949 1214 4002 Proeliis
1235 3967 1301 4000 sane

250 4037 335 4089 genus
352 4017 492 4070 hominurn
517 4017 545 4070 in
571 4021 791 4090 reprehensiones
815 4034 878 4077 sunt
894 4016 1076 4093 grammatici!
1107 4019 1163 4074 Nec
1188 4031 1226 4074 est
1250 4021 1301 4073 ah-

251 4088 427 4144 aurda‘lectio
446 4087 600 4153 πολεμίζειν,
620 4111 689 4163 quae
706 4113 784 4182 saepe
804 4097 886 4149 veriat
903 4113 966 4148 cum
984 4089 1091 4146 aitera.”

305 4161 351 4246 52)
370 4159 536 4238 Aristonicus
553 4161 637 4218 altero
656 4165 729 4220 loco:
762 4161 962 4236 ΟιλὲὌμρρος
988 4162 1070 4222 ἄλλαν·
1095 4157 1301 4234 69261991(βᾶ-
1400 4190 1406 4198 “
