2880 4888
738 1248 813 1321 m·
828 1269 835 1274 ,.

331 1433 384 1494 ΒΕ
407 1425 555 1492 Fonnts
578 1419 860 1486 nutnnnrtcts
883 1417 939 1478 ΕΤ
963 1413 1231 1478 uttnucrtctS.

674 1617 881 1627 ...a--u-——u-

307 1808 397 1860 Pauca
417 1801 571 1856 zenodotus
596 1797 624 1852 in
648 1794 742 1849 formis
766 1793 947 1865 grammaticis
970 1802 995 1846 et
1013 1790 1157 1846 dialecticis
1174 1789 1223 1843 sibi
1242 1809 1306 1864 per-

255 1892 353 1946 misisse
372 1891 474 1943 videtur
492 1905 579 1958 eoque
598 1894 701 1938 tantum
727 1899 863 1953 peccasse,
886 1880 958 1952 quod
983 1879 1061 1958 salsas
1084 1889 1111 1933 et
1135 1879 1169 1932 ab
1187 1877 1306 1932 Homero

254 1980 353 2034 alienas
371 1976 515 2047 scripturas
528 1991 584 2025 non
596 1971 696 2042 ubique
709 1968 821 2023 sustulit.
856 1966 1018 2040 Incipiamus
1035 1987 1049 2020 a
1068 1965 1222 2020 nominibus
1240 1984 1306 2036 pro-

253 2068 327 2141 priis.
361 2068 393 2125 Σ.
404 2061 457 2118 502
470 2060 624 2115 Zenodotus
641 2055 766 2129 Ἀριήδοῃ
786 2075 836 2128 pro
853 2053 980 2127 Ἀριάδνῃ
999 2066 1025 2109 ct
1037 2054 1090 2108 Od.
1109 2077 1132 2121 o,
1150 2054 1203 2110 214
1222 2053 1306 2121 (adde

253 2153 354 2208 ibidem
373 2151 440 2224 253)
452 2144 613 2218 Ἀμφιάρηον
638 2165 688 2218 pro
707 2141 867 2212 Ἀμφιάραον
892 2144 1011 2216 scripsit,
1039 2163 1105 2216 quas
1128 2141 1229 2195 formas
1248 2161 1306 2194 nou

253 2239 310 2314 ipse
328 2239 442 2304 invenit,
469 2235 514 2295 sed
533 2256 548 2289 e
567 2233 720 2300 nonnullis,
738 2234 766 2287 ni
786 2232 882 2300 tattor,
904 2231 1066 2286 editionibus
1083 2229 1201 2283 ionicam
1221 2228 1305 2282 diale-

253 2341 327 2384 ctum
344 2327 424 2381 nimis
441 2324 636 2380 adfectantibus
653 2322 722 2376 male
735 2322 853 2376 retinuit.
889 2324 923 2388 B,
942 2318 995 2374 532
1013 2318 1144 2370 librorum
1163 2316 1304 2369 lectionem

195 2437 200 2454 ⁸
253 2419 361 2485 Βῆσον,
389 2411 542 2466 Herodiano
562 2412 702 2482 probatam
722 2407 884 2479 (cf.'Stepb.
901 2427 924 2460 v.
941 2405 1062 2476 Βῆσσα),
1088 2405 1213 2470 servarit,
1240 2405 1304 2457 Ari-

253 2501 359 2559 starcbo
377 2501 485 2568 Βῆσσον
510 2498 678 2570 praeferente
693 2499 726 2566 ²).
767 2501 801 2564 B,
821 2495 874 2552 634
892 2495 1046 2549 Zenodotus
1064 2494 1092 2546 in
1111 2492 1198 2547 forms
1213 2491 1303 2554 Σάμον

252 2588 349 2654 haesit,
374 2605 457 2659 quum
483 2585 552 2638 banc
576 2585 690 2639 insulam
710 2585 834 2639 omnibus
853 2583 910 2638 aliis
928 2583 1037 2636 Homeri
1056 2581 1122 2634 locis
1139 2580 1185 2651 (cl.
1204 2578 1255 2632 Od.
1273 2599 1301 2647 οι,

252 2673 315 2734 246.
335 2661 441 2741 ο,’360.
459 2692 486 2739 n,
509 2671 568 2728 123.
585 2673 648 2728 219.
667 2694 692 2739 τ,
713 2672 773 2728 131.
798 2694 822 2739 n,
841 2672 905 2737 288)
923 2671 1016 2740 Σοὶμην
1041 2669 1139 2724 dictam
1164 2667 1301 2734 inveniret,

251 2761 324 2814 uude
343 2759 445 2831 scripsit
465 2756 508 2830 ἠδ’
523 2755 695 2829 <inolidum
713 2764 839 2823 ἐνέμοντο.
874 2758 917 2814 Cs.
935 2778 1014 2830 supra
1034 2777 1057 2812 c.
1076 2757 1101 2812 Ι.
1132 2758 1200 2811 Vide
1214 2750 1303 2814 strab,

130 2885 142 2900 -.
252 2848 321 2913 Χ,5
350 2865 377 2917 ρ.
396 2845 450 2901 698
467 2865 524 2917 sq.,
552 2851 633 2917 quem
658 2847 814 2919 Apollodori
840 2847 997 2902 sententiam
1024 2865 1079 2898 non
1104 2856 1176 2899 recte
1202 2845 1303 2898 referre

251 2934 375 2988 Lebrsius
394 2952 420 3004 p.
438 2931 492 2989 238
510 2934 615 2988 monuit
627 2934 660 3001 2).
702 2939 735 3002 B,
755 2935 808 2990 520
833 2935 963 2989 librorum
989 2933 1145 2995 auctoritate
1166 2932 1243 2985 dedit
1257 2929 1303 2999 ἠδὲ

251 3019 411 3088 Πονὸοιτεων
429 3020 479 3086 (cl.
498 3039 579 3092 supra
598 3040 621 3075 c.
641 3019 664 3088 l)
679 3020 719 3091 ὅ),
739 3022 832 3077 ceteris
851 3020 999 3093 legentibus
1018 3024 1063 3071 sot
1072 3021 1210 3086 Πανοπῆα,
1229 3019 1301 3091 quod

251 3107 433 3173 Aristarchum
456 3108 589 3162 reduxisse
612 3109 733 3164 coniicio.
771 3109 898 3164 Ceterum
917 3111 1057 3178 Πανοπῆος
1081 3118 1107 3162 et
1124 3109 1251 3176 Πανοπῆϊ
1270 3107 1303 3160 de

250 3197 344 3252 eadent
365 3195 432 3248 urbe
450 3215 475 3266 p,
493 3194 555 3250 307.
575 3195 629 3252 od.
644 3199 669 3264 λ,
689 3196 739 3253 581
759 3197 881 3268 legimus,
900 3196 946 3250 ubi
961 3196 1073 3250 eaodem
1091 3193 1239 3267 scripturae
1259 3213 1303 3247 ra-

251 3288 372 3340 rietatem
384 3284 527 3336 Παοόοτεω
546 3294 572 3338 et
587 3282 732 3354 Hasdnrep
747 3285 892 3339 obtinuisse
913 3283 1053 3356 probabile
1072 3294 1118 3336 est.
1155 3280 1234 3340 'Ilcric
1254 3300 1303 3354 pro

254 3363 346 3429 Ottluic
365 3369 536 3424 Zenodotum
562 3373 695 3445 scripsisse
714 3371 822 3430 Scholia
850 3374 891 3442 (μ,
911 3369 972 3427 365.
996 3393 1019 3436 ο,
1038 3369 1100 3428 203.
1119 3369 1179 3426 694.
1198 3369 1260 3425 712.
1280 3371 1303 3436 Ε,

312 3604 342 3671 1)
361 3605 540 3660 Aristonicus:
568 3607 713 3675 Ζηνόδοτος
730 3606 823 3677 γράφει
839 3611 953 3680 Βῆοαν
979 3612 1005 3662 lv
1028 3611 1066 3678 τῷ
1090 3606 1126 3660 r‘ri
1149 3614 1180 3675 οῖ,
1201 3603 1248 3661 daci
1270 3606 1302 3658 οδ

251 3674 353 3746 βήσσας
370 3677 493 3740 λέγεσθαι
510 3682 562 3728 τῶν
581 3675 648 3746 ἐρῶν
665 3677 727 3738 'roric
745 3677 898 3751 καθύγρους
916 3678 1021 3740 τόπους.
1059 3679 1124 3748 Quo
1142 3689 1303 3750 argumento

252 3750 272 3802 si
290 3745 446 3800 Zenodotus
465 3759 531 3802 esset
554 3767 632 3816 usus,
659 3769 734 3804 more
751 3751 921 3806 Aristarcbeo
941 3754 986 3820 (cf.
1005 3751 1096 3806 Lebrs.
1113 3771 1139 3823 p.
1159 3753 1226 3818 271)
1251 3769 1304 3802 no·

252 3839 314 3872 men
343 3836 393 3889 pro
414 3818 484 3870 rium
510 3821 543 3873 ab
573 3821 731 3942 appellativo
758 3823 922 3878 distinxisset.
975 3821 1158 3878 Aristarchum
1184 3825 1306 3894 sequitur

251 3889 378 3946 Strabol
406 3889 495 3960 ,tp
513 3889 565 3946 652
608 3930 614 3944 .
653 3891 831 3947 Cs.Eustatb.
851 3916 877 3965 p.
897 3895 958 3961 277,
979 3894 1015 3980 30
1034 3915 1124 3982 ειμι.ἱ

305 3962 336 4029 2)
356 3961 522 4014 Aristonicus
540 3961 710 4018 Zenodotum
729 3965 865 4036 ignorasse
884 3967 963 4032 dicit,
989 3960 1030 4018 im
1055 3985 1123 4018 nuru
1147 3962 1179 4018 co*
1202 3959 1304 4036 (ipocri-

251 4027 296 4086 nris
314 4036 392 4084 ἐνίοτε
410 4033 542 4102 ἷκφέριται
559 4029 593 4084 τοὶ
611 4038 647 4092 εἰς
661 4042 688 4095 ὀξ
708 4036 779 4108 (lege
799 4042 827 4107 ῆ)
846 4037 967 4106 λήγοντα.

307 4101 338 4170 3)
357 4102 399 4156 De
424 4115 538 4158 accentu
562 4105 595 4158 cf.
615 4103 761 4180 Goettling.
790 4109 893 4181 p.,286
911 4127 970 4182 sqq.
1014 4106 1164 4162 Meblborn.
1190 4124 1305 4180 gramm.

251 4172 356 4230 Graeco
375 4195 402 4246 p.
424 4175 475 4232 150
493 4195 550 4248 sqq.
1239 4217 1242 4222 ·
