2880 4888
660 375 709 448 67
1204 387 1214 422 ⁸

147 577 232 638 atque
251 583 306 618 non
324 562 413 628 rideo,
433 559 528 616 curin
549 559 653 614 duobus
672 560 807 630 prioribus
825 560 890 616 locis
903 562 1057 618 Zenodotea
1075 565 1205 638 scriptura
1243 637 1246 646 Ι

152 652 306 708 Aristarcho
326 651 412 706 cedat.
454 650 519 703 Aliis
538 647 619 714 locis,
648 649 693 702 ubi
719 649 798 721 rnlgo
824 650 1001 704 masculinum
1021 652 1088 706 ναν-α’
1107 657 1206 708 orhaim

152 753 224 808 erat,
243 740 398 792 Zenodotus
415 756 488 790 mera
507 737 676 800 coniectura,
695 756 728 788 ne
749 737 839 808 regula
859 742 1033 810 grammatica
1054 743 1207 810 violaretur,

153 830 270 903 reposuit
290 827 459 894 lemininum,
478 847 505 902 α,
524 823 587 892 251,
607 825 652 878 uhi
673 845 723 896 pro
741 827 768 876 oi'
786 838 843 896 post
862 833 946 892 renui
962 826 1080 900 μερόπων
1098 828 1204 896 daupei-

153 939 207 972 πων
225 917 329 986 scripsil
347 914 431 981 ui'3),
450 925 475 968 el
493 933 528 979 11,
544 909 598 968 280
616 931 671 983 etp:
696 909 829 981 Έτίνηθεν
858 917 887 966 δὲ
912 915 1041 983 φάλαγγες
1064 917 1205 982 tiniarum,
1232 923 1236 930 “

152 1007 199 1060 uhi
217 1000 360 1065 ἐλπόμεναι.
397 1002 458 1056 Non
475 1000 609 1054 dissimilis
621 999 692 1054 ratio
701 1011 738 1054 est
756 1000 808 1054 loci
827 1007 853 1068 β,
867 993 929 1068 1126,
942 1005 988 1057 uhi
1008 1025 1058 1076 pro
1077 1005 1113 1074 ui',
1133 1007 1205 1078 quod

152 1094 185 1148 ad
205 1087 289 1163 νησαν
306 1092 442 1163 pertinere
460 1109 515 1143 non
535 1087 614 1153 sidit,
634 1087 703 1142 male
722 1088 837 1143 correxit
851 1088 887 1143 αἵ.
924 1089 967 1144 Cl.
986 1091 1104 1164 lleynius
1121 1095 1159 1146 lv
1179 1115 1205 1165 p.

154 1181 215 1236 344.
260 1181 301 1234 Ne
326 1180 443 1252 bangius
470 1177 580 1250 quidem
599 1175 770 1230 Zenodotum
796 1176 940 1234 delendere
965 1198 1044 1232 ausus
1071 1191 1117 1234 est.
1164 1181 1205 1233 De

153 1282 251 1324 neutro
269 1269 323 1322 duu
342 1278 431 1321 estant
449 1263 576 1335 exemplo.
610 1266 644 1328 B,
664 1261 699 1319 56
717 1263 745 1316 in
763 1283 852 1320 rersu:
871 1263 947 1326 Θετὸς
964 1289 1008 1328 ραι
1025 1263 1141 1319 ἐνύπνιον
1159 1255 1215 1336 ἢλ-

154 1362 202 1409 θεν
214 1353 332 1426 Ὄνειρος
352 1354 436 1424 (adde
454 1352 510 1406 Od.
528 1355 551 1418 Ε,
568 1350 650 1419 495),
670 1351 824 1430 zenodotus
842 1353 924 1420 dedit,
943 1355 1034 1408 nescio
1051 1375 1085 1408 an
1105 1374 1119 1408 e
1138 1375 1206 1410 con-

121 1503 129 1520 ,
153 1447 270 1510 iectura,
295 1451 381 1509 θεῖον,
408 1461 492 1514 quum
517 1459 572 1495 non
592 1435 827 1506 animadverteret,
850 1443 964 1494 ἐνύπνιον
989 1442 1033 1496 hic
1055 1442 1206 1513 significare

154 1530 222 1585 νατδ
246 1531 309 1590 reric
336 1526 442 1589 ὕπνους.
485 1529 569 1584 Tacet
592 1528 717 1599 Langius.
763 1527 804 1583 Cl.
825 1528 1000 1600 lleyniuser
1019 1549 1045 1601 p.
1067 1529 1129 1584 205.
1167 1532 1206 1596 H,

153 1621 203 1676 451
227 1633 252 1674 et
270 1619 325 1676 458
342 1619 509 1673 Zenodotus:
533 1609 617 1670 Ὅσον
632 1613 657 1668 τ’
675 1617 841 1668 ἐπικίδναται
865 1613 931 1684 ἠώς,
958 1615 1126 1671 Aristarchus
1144 1612 1205 1686 inps

153 1708 177 1764 τ’
194 1711 226 1779 (ἱ.
245 1729 269 1764 e.
287 1705 325 1768 ἐφ’
344 1701 407 1777 ἴσην
425 1719 517 1772 γαῖαν,
540 1701 655 1774 χώραν),
682 1704 754 1776 quod
781 1724 836 1758 non
861 1715 1021 1774 receperunt
1038 1705 1205 1776 posteriores.

154 1796 196 1850 Cl.
213 1795 331 1848 Wolsms
349 1795 433 1866 praef.
458 1793 500 1848 ed.
527 1813 587 1849 nor.
607 1812 633 1863 p.
651 1791 696 1846 37.
738 1791 773 1845 At
800 1792 983 1848 Aristarchum
1010 1793 1053 1846 hie
1080 1793 1203 1846 codicum

153 1885 318 1957 optimorum
338 1881 417 1938 fidem
437 1893 556 1937 secutum
576 1901 631 1936 esse
649 1881 774 1948 dixerim,
801 1881 847 1953 qui
872 1881 1021 1936 doctiorem
1040 1891 1206 1934 serraverunt

153 1974 313 2044 scripturam
327 1970 364 2038 4).

207 2061 249 2113 De
268 2077 377 2111 nurnero
395 2057 530 2111 nominum
566 2069 675 2130 agentes
693 2058 811 2129 primum
831 2058 1018 2128 de-singuiuri
1036 2079 1085 2129 pro
1101 2059 1206 2128 plurali

154 2150 297 2204 rideamus.
331 2152 373 2214 M,
391 2148 426 2204 79
445 2145 600 2199 zenodorus
618 2156 644 2198 et
663 2143 862 2215 Aristophanes,
881 2163 935 2197 non
955 2147 1011 2198 sine
1030 2145 1112 2209 libris,
1132 2145 1206 2216 legc·

153 2250 217 2291 runt
240 2249 333 2304 πεῖραρ
352 2236 474 2302 ἐφῆπται,
492 2233 538 2284 ubi
558 2230 725 2284 Aristarchus
745 2227 845 2300 πείρατ’
862 2234 900 2292 ip.
936 2229 1060 2302 Spitrner
1080 2232 1137 2284 aliis
1150 2233 1206 2284 llo·

154 2321 221 2377 meri
241 2322 307 2374 locis
327 2320 497 2374 Zenodotum
518 2320 634 2373 refutare
645 2319 741 2384 studet,
760 2338 841 2391 quern
853 2318 1015 2390 singularem
1036 2337 1089 2371 non
1109 2320 1206 2381 minus,

155 2429 237 2484 quam
258 2419 350 2462 nostro
369 2407 438 2473 loco,
457 2405 480 2473 ζ,
500 2405 559 2461 143.
578 2427 606 2476 η,
627 2406 686 2462 102.
704 2405 766 2461 402.
784 2426 808 2474 u,
827 2405 888 2462 429.
906 2391 939 2472 α,
954 2405 1016 2462 350.
1054 2405 1107 2459 Οδ.
1124 2404 1205 2473 λ,13.

153 2519 182 2566 μ,
202 2496 247 2552 51.
269 2495 327 2552 162.
347 2495 407 2552 179.
423 2515 451 2560 χ,
469 2494 512 2549 33.
529 2495 574 2550 41.
592 2513 622 2557 u,
640 2493 694 2551 248
710 2494 811 2549 dedisse
824 2513 978 2565 persuasum
997 2493 1091 2556 haheo.
1107 2514 1205 2566 quarn-

154 2603 236 2659 quam
256 2583 387 2657 pluralem
407 2589 437 2648 θ,
454 2581 517 2638 478.
542 2586 563 2646 Ε,
588 2583 650 2639 200.
669 2581 731 2639 301.
775 2583 830 2637 Od.
849 2604 874 2650 y,
894 2581 955 2638 433.
969 2581 993 2647 ⁵)
1020 2584 1046 2649 δ,
1064 2580 1131 2650 563,
1159 2585 1206 2656 qui

153 2673 206 2726 loci
224 2691 305 2743 supra
322 2670 435 2724 laudatis
452 2669 592 2724 dissimiles
609 2681 686 2737 sunt,
713 2669 832 2725 retinuit.
877 2671 1048 2742 Singularem
1074 2689 1149 2726 nunc
1167 2672 1207 2724 lc·

154 2749 242 2832 giinus
263 2777 285 2824 ν,
302 2757 355 2815 359
381 2753 517 2824 (doilprao
534 2763 653 2829 πεῖραρ).
684 2779 709 2826 0,
728 2761 778 2816 501
800 2761 907 2831 (πεῖραρ
932 2759 1062 2828 ἑλέσθαι).
1113 2759 1167 2814 Οδ.
1186 2781 1212 2824 ε,

153 2848 206 2905 289
227 2848 335 2916 (πεῖραρ
357 2844 464 2913 ὀϊζύος).
512 2847 646 2901 Pluralem
672 2855 744 2918 νίκης
760 2856 872 2920 πείρατα
891 2847 1081 2902 Archilochum
1101 2849 1205 2904 10Ηο-

155 2953 230 2987 mero
256 2934 349 3005 legisse
372 2933 487 2989 ostendit
514 2935 549 2988 1τ.
574 2933 611 2991 48
631 2935 726 2992 suros
756 2941 841 3006 Νίκης
868 2933 894 2990 δ’
918 2940 943 2990 ἓν
971 2942 1058 2990 θεαῖσι
1084 2945 1206 3006 πείρατα.

153 3021 328 3093 Optimornm
349 3023 478 3076 librorum
496 3024 654 3094 scripturam
672 3023 839 3078 Aristarchus
858 3035 928 3077 recte
944 3025 1064 3077 restituit.
1101 3028 1134 3090 Β,
1151 3025 1205 3080 852

153 3109 309 3162 Zenodotus
326 3129 376 3178 pro
400 3113 425 3168 (ξ
442 3107 547 3161 Ἐνετῶν
574 3111 678 3180 scripsit
703 3113 727 3170 ίξ
744 3110 845 3178 Ἐνετῆς
870 3113 936 3174 (non
955 3110 1083 3179 Ἐνίνης),
1115 3113 1206 3164 nescio

153 3217 186 3252 an
208 3216 222 3250 e
241 3197 410 3264 coniectura,
431 3215 515 3268 quum
535 3199 562 3252 in
582 3199 678 3271 plurali
699 3199 815 3252 nominis
834 3198 921 3250 forma
941 3197 1090 3250 offenderet
1102 3198 1134 3259 ⁶).

206 3397 246 3466 3)
257 3399 324 3452 Mire
343 3397 459 3468 Langius
477 3397 498 3462 (l
518 3419 543 3470 p.
560 3401 612 3467 11),
632 3401 763 3471 probante
780 3399 900 3454 Helltero
919 3398 959 3467 (p.
978 3395 1035 3464 14);
1054 3394 1212 3459 „Zenodoti

152 3471 294 3524 lectionem
321 3469 390 3521 αἱάῖ
415 3472 595 3540 praetulerim,
621 3491 673 3525 non
693 3473 780 3525 solum
801 3473 836 3524 ob
863 3469 984 3535 stetisti)
1010 3468 1204 3539 antiquitatem,

151 3543 197 3596 sed
217 3544 310 3605 etiam,
331 3541 402 3613 quod
423 3542 525 3613 vulgata
544 3541 572 3594 οἵ
586 3544 623 3607 οἱ,
643 3544 754 3596 arrribus'
772 3545 890 3614 ingrata,
911 3539 1104 3594 correctionem
1125 3541 1204 3592 redo·
1308 3591 1317 3604 ,

152 3614 207 3667 lere
227 3614 329 3666 ridetur
348 3631 452 3679 eornm,
473 3616 518 3686 qui
534 3616 569 3668 ob
583 3613 729 3684 τρντεὶτοισν
742 3616 846 3669 solliciti
860 3611 984 3668 luerint.”
1020 3610 1054 3664 At
1069 3613 1103 3664 cl.
1123 3615 1148 3664 δ.
1161 3612 1204 3668 91.

207 3687 238 3752 4)
257 3685 296 3737 Ne
316 3685 475 3737 femininum
495 3698 521 3740 te
541 3687 676 3753 offendat,
695 3689 729 3740 cf.
747 3685 845 3757 ἄλλην,
862 3682 980 3754 μακράν,
997 3687 1094 3753 irrrs'rp,⁸
1107 3683 1203 3754 ταύτῃ,

150 3743 183 3828 ᾖ,
200 3760 280 3827 τῇδε,
300 3777 371 3826 quae
387 3759 477 3810 omnia
498 3777 552 3810 non
572 3759 687 3830 elliptice
705 3771 766 3812 sunt
786 3758 947 3831 explicanda.

206 3830 237 3894 5)
258 3831 377 3897 Πείρατα
394 3833 494 3897 τέχνης.
531 3828 573 3882 Cl.
592 3839 703 3898 πείρατα
722 3828 808 3882 πάντα
826 3836 918 3896 τέχνας
936 3830 963 3881 in
986 3823 1112 3879 Bosethii
1132 3823 1163 3878 C.
1184 3825 1202 3876 l.

152 3899 221 3965 428,
240 3900 310 3951 unde
329 3900 356 3951 in
377 3902 514 3953 notissimo
534 3900 651 3954 Choerili
668 3921 743 3954 rersn
763 3901 845 3967 (11.1,
864 3901 907 3968 3):

259 3974 320 4022 Νῦν
337 3968 363 4022 δ’
380 3964 420 4024 ‘o'rs
439 3969 525 4023 πάντα
543 3975 687 4035 δέδασται,
705 3975 793 4038 ipsunt
811 3975 839 4024 di
858 3979 970 4044 πείρατα
988 3972 1090 4033 τέχναι,

152 4043 186 4096 de
206 4063 260 4114 quo
279 4039 393 4094 Naelrins
411 4063 437 4113 p.
460 4043 510 4112 107
529 4045 595 4114 egit,
621 4051 771 4113 πείρατα
797 4049 903 4114 τίχνης,
932 4057 1012 4112 quum
1040 4037 1110 4088 artis
1129 4035 1203 4104 fines

153 4113 287 4176 1101110111,
306 4131 387 4182 quum
407 4123 492 4164 toturn
513 4129 598 4167 ortem
617 4118 786 4184 possideant,
805 4117 941 4167 coniicias.

207 4184 234 4252 6)
253 4183 294 4237 Cl.
314 4183 402 4238 Strab.
422 4184 483 4252 llll,
503 4185 519 4240 3
540 4207 565 4258 p.
584 4187 646 4255 819,
667 4187 712 4259 qui
738 4185 915 4259 quod'addit:
941 4184 1010 4246 Φηπί
1029 4174 1203 4248 (Ζηνόδοτος)

938 4269 975 4322 gs
