2886 4890
764 367 813 444 78

251 571 367 630 perator.
402 557 450 613 Sic
467 562 497 621 θ,
514 554 567 612 503
586 555 669 623 (adue
695 578 712 622 ι,
730 553 979 624 661λφοπλίζεοθον
1003 575 1054 628 pro
1079 553 1305 624 λφοπλιοόμεοθπ,

250 671 272 716 ν,
290 649 343 704 627
363 650 483 714 οἴχεσθον
501 643 606 711 ἄγοντες
624 665 674 715 pro
693 642 793 711 οἴχεσθ’
811 641 949 711 α’νελγοντες
960 644 1008 711 ⁴¹),
1026 664 1049 708 o,
1067 643 1304 716 287,νειεόρησθον

248 757 297 810 pro
324 737 481 806 κεκόρησθε,
507 752 540 798 ψ,
559 730 612 790 753
640 732 811 804 πειρήσεσθον
828 753 878 806 pro
908 729 1078 803 πειρήσεσθε,
1107 733 1162 788 od.
1191 741 1229 802 θ,
1247 736 1299 792 251

245 832 373 876 παίσατον
393 841 444 896 pro
461 830 572 875 παίσατε
590 823 704 895 scripsit.
746 823 807 877 Non
824 822 945 888 licentia,
964 821 1009 874 sed
1028 822 1189 894 negligentia
1208 824 1303 878 Zeno·

244 911 316 978 doti,
345 909 436 982 quiin
464 910 618 964 nominibus
644 911 712 964 benc
735 910 820 964 dualis
849 910 966 963 formam
991 910 1120 981 distinxit,
1148 913 1301 966 accusanda

246 999 364 1069 videtur,
382 999 429 1069 qui
448 998 574 1064 dualem,
589 999 617 1052 io
636 999 740 1064 multis,
759 998 873 1070 opinor,
891 999 965 1058 libris
983 985 1135 1068 inventum,
1159 1019 1215 1053 oon
1236 1019 1302 1054 cor-

243 1086 347 1141 rexerit.
390 1085 485 1158 Nequc
510 1086 587 1143 aliter
610 1087 699 1142 iudico
723 1088 757 1142 de
782 1087 848 1141 iocis
864 1109 889 1152 γ,
906 1087 976 1154 459,
1006 1087 1052 1140 ubi
1077 1085 1229 1140 ἀποτίνετον
1248 1109 1301 1160 pro

244 1171 410 1241 ἀποτινέμεν,
442 1185 468 1228 et
493 1197 521 1238 o,
539 1173 606 1241 347,
641 1176 687 1230 ubi
713 1175 896 1229 λπισσεελεσθον
922 1193 973 1245 pro
1004 1171 1195 1236 ἐπισσεύεσθαι,
1216 1177 1301 1232 dedit.

242 1261 299 1334 lpse
318 1261 424 1316 dualem
444 1261 514 1315 male
533 1262 560 1316 in
579 1262 727 1318 Homerum
745 1264 841 1317 invexit
860 1261 881 1327 λ’,
903 1262 953 1318 112
967 1261 1016 1329 4³).

293 1350 336 1404 De
363 1369 538 1420 personarum
561 1369 611 1404 usu
640 1351 695 1404 duo
720 1351 773 1405 ioci
797 1352 825 1404 in
849 1369 958 1404 censum
985 1350 1102 1404 veniunt.
1140 1348 1194 1404 Od.
1211 1356 1240 1417 β,
1259 1352 1293 1407 41

241 1438 287 1506 (cf.
307 1437 428 1494 Crameri
448 1438 552 1492 Aneed.
570 1440 632 1493 Par.
651 1437 687 1492 111
707 1460 733 1512 p.
748 1439 812 1506 398)
830 1439 989 1492 Ζεσσιλοίαο
1003 1457 1054 1510 pro
1070 1438 1161 1510 ἤγειρα
1180 1440 1297 1511 scripsit,
1327 1501 1332 1506 Β

239 1527 374 1600 vulgarem
393 1538 499 1580 secutus
516 1528 736 1598 grammaticam,
755 1525 868 1598 ἤγειρεν,
898 1529 1007 1582 fortasse
1025 1548 1040 1580 e
1056 1527 1140 1581 libris.
1175 1528 1296 1582 Aristar-

240 1617 314 1684 chus,
332 1618 359 1670 ni
373 1616 462 1683 failor,
482 1619 596 1688 primam
616 1635 769 1688 personam,
788 1617 831 1670 hic
849 1615 988 1670 fortiorem
1002 1628 1028 1670 et
1044 1615 1295 1687 significantiorern,

238 1717 310 1760 recte
330 1705 456 1769 restituit,
483 1723 646 1777 quamquem
674 1723 737 1758 cum
755 1703 887 1758 Nitzschio
905 1703 929 1772 (1
948 1723 975 1776 p.
993 1705 1041 1772 72)
1066 1703 1128 1759 ideo
1147 1725 1203 1758 non
1221 1706 1296 1759 dixe-

239 1795 304 1860 rim,
332 1791 503 1846 Zenodotum
521 1793 669 1845 Homerum
694 1793 756 1846 satis
780 1792 849 1846 maie
867 1793 1031 1846 intellexisse.
1068 1791 1126 1858 CA,
1151 1805 1181 1848 ut
1208 1813 1294 1848 unum

238 1883 329 1934 locum
348 1880 487 1947 adferam,
515 1901 539 1949 ρ,
558 1880 610 1936 249
629 1901 667 1951 sq.
687 1883 723 1946 Π,
741 1879 794 1936 697
812 1881 865 1939 λ’λες
883 1899 934 1952 pro
951 1880 1020 1949 ἕλεν,
1046 1882 1092 1935 ubi
1111 1883 1296 1938 Aristonicus:

240 1967 346 2034 Ἀγνοεϊ
360 1969 403 2030 δέ,
423 1959 470 2018 Ιότι
495 1963 636 2037 άπὶοτρεφε
653 1965 700 2019 τόν
718 1965 793 2034 λόγον
810 1971 837 2020 ἓν
862 1971 911 2020 roii
929 1964 994 2038 πρός
1012 1966 1093 2022 orieris
1110 1974 1151 2024 tat
1167 1968 1214 2024 τόν
1233 1979 1296 2042 περὶ

239 2053 337 2122 αὐτοῦ,
355 2061 400 2108 ναί
416 2056 541 2114 πολλάκις
559 2051 725 2126 ἀποστροφάς
742 2068 863 2108 ποιεῖται.
909 2055 1010 2110 Utrum
1030 2058 1185 2114 zenodotus
1203 2060 1258 2119 ἕλες
1279 2081 1295 2114 e

234 2146 311 2200 libris
331 2146 487 2212 retinuerit,
512 2143 695 2218 quaeiieynii
713 2143 775 2210 (Vfl
794 2165 819 2217 p.
839 2144 906 2209 256)
928 2159 984 2200 erat
1001 2148 1146 2214 sententia,
1172 2169 1208 2202 an
1225 2150 1297 2220 ipse,

230 2253 305 2288 versu
334 2233 387 2290 692
408 2254 448 2305 sq.
467 2233 562 2301 falsus,
586 2234 656 2288 hanc
673 2233 833 2304 scripturam
853 2236 880 2286 iu
895 2233 1042 2288 Homerum
1060 2236 1204 2302 invexerit,
1231 2240 1296 2292 satis

234 2335 307 2377 certo
331 2321 470 2375 diiudicari
489 2321 590 2393 nequit.

290 2407 467 2463 Differentiae
486 2420 633 2478 temporum
649 2428 664 2461 e
682 2408 836 2464 Zenodotea
856 2409 1011 2464 recensione
1028 2411 1184 2466 reseruntur
1201 2411 1294 2468 haece.

226 2480 327 2552 ‘Ham
344 2497 499 2550 zenodotus
519 2496 573 2551 Od.
600 2499 622 2564 λ,
642 2497 708 2563 191,
739 2499 785 2550 ubi
808 2498 975 2552 Aristarchus
994 2485 1073 2568 ἧστο,
1104 2512 1230 2573 uterque,
1260 2501 1291 2553 ni

228 2586 323 2654 fallor,
355 2586 438 2638 libros
460 2596 574 2639 secutus.
614 2585 647 2652 Ο,
669 2585 719 2642 179
737 2584 878 2648 πολεμίζων
902 2587 1063 2659 profuturo
1088 2589 1223 2652 πολεμίξων
1237 2587 1289 2658 4⁵),

240 2731 519 2744 ——--——-———·--·

291 2819 337 2884 41)
356 2816 537 2874 Aristonicus:
561 2821 619 2872 Καί
637 2817 668 2872 τό
687 2817 776 2874 δυΐιόν
796 2833 930 2887 συγχετταν
948 2825 990 2874 ἐπί
1008 2822 1109 2874 πολλῶν
1126 2821 1292 2889 τασσόμενον,

236 2895 282 2942 καλ
306 2888 426 2960 ἠγνόηκε,
454 2885 496 2940 ότι
523 2887 659 2961 εἶναγωγὴν
684 2896 758 2944 καλεῖ
780 2885 830 2960 την
858 2897 884 2944 εἰς
910 2891 1109 2962 Πελοποννήσου
1134 2897 1170 2962 εἰς
1195 2899 1292 2962 Τροίαν

235 2963 326 3014 πλοῦν.
362 2961 399 3014 At
417 2961 601 3027 Zenodotum,
622 2963 667 3034 qui
687 2963 708 3027 λ’,
727 2963 781 3019 292
799 2984 855 3018 nnn
875 2966 1029 3032 mutaverit,
1054 2965 1119 3019 haec
1137 2985 1191 3018 nou
1212 2967 1293 3036 iguo-

140 3075 143 3090 .
232 3050 305 3085 rasse
324 3043 395 3084 recte
416 3034 522 3103 reponit
541 3033 661 3106 Heynius
677 3035 726 3099 (Vi
748 3055 772 3106 p.
791 3035 867 3102 178).

289 3103 339 3172 42)
357 3103 385 3157 Si
403 3104 571 3159 Aristonicus
588 3129 613 3173 γ,
633 3107 685 3162 279
698 3107 790 3160 tradit:
807 3102 844 3157 ‘H
856 3108 937 3176 διπλῆ
950 3111 1142 3176 περιεστιγμένη
1155 3101 1220 3176 πρός
1235 3111 1290 3176 Ζη-

232 3175 359 3243 νόδοτον,
387 3173 429 3228 ότι
445 3181 472 3228 ἐκ
491 3180 538 3228 τοῦ
557 3181 652 3236 δυίνῶς
669 3176 822 3244 γράφεσθαι
840 3175 872 3229 τό
896 3183 1062 3229 τίνυσθον
1080 3180 1226 3247 λλάγχεται,
1250 3175 1293 3230 ότι

233 3249 277 3300 int
306 3248 469 3318 Περσεφόνης
494 3251 538 3299 καλ
560 3247 716 3307 moritonio
740 3243 840 3300 λστινό
860 3245 949 3313 λόγος,
976 3246 1022 3299 otis
1047 3253 1089 3300 tut
1112 3257 1166 3301 τῶν
1188 3257 1292 3318 νεκρῶν,

238 3318 281 3373 hic
300 3323 396 3388 διπλῆν
414 3326 622 3391 περιεστιγμένην
641 3341 703 3374 eum
724 3320 825 3390 vulgari
853 3323 935 3387 διπλῆ
962 3319 1102 3374 confusam
1128 3339 1182 3374 esse
1210 3333 1291 3390 patet,

255 3411 320 3444 uum
352 3392 394 3443 itta
415 3391 585 3446 Aristarchus
611 3393 637 3446 in
664 3393 695 3445 iis
721 3403 823 3444 tautum
849 3394 965 3444 versibus
993 3403 1128 3459 uteretur,
1159 3393 1291 3464 quibusa

234 3412 376 3514 {enodnto
395 3465 509 3516 recessit.
555 3465 722 3517 Aristonicus
748 3465 844 3534 διπλῆν
868 3469 1087 3534 περιεστιγμένην,
1115 3483 1195 3536 quam
1220 3465 1291 3516 maie

234 3534 370 3603 appictum
390 3534 460 3599 vidit,
479 3554 527 3586 suo
548 3553 624 3587 more
644 3537 833 3605 interpretatus
850 3545 897 3587 est.
933 3535 1051 3605 Heynius
1068 3535 1103 3585 iV
1117 3555 1143 3606 p.
1156 3537 1204 3590 511
1226 3536 1293 3588 hae-

236 3615 285 3656 ret.
323 3602 413 3655 Schoi.
432 3605 454 3656 A
473 3627 504 3670 μ,
524 3604 587 3660 1271
620 3603 766 3674 Ζηνόδοτος
792 3611 838 3656 καὶ
854 3601 1041 3674 Ἀριστοφάνης
1066 3609 1162 3664 dultinc
1185 3603 1292 3658 ἅπαντα

236 3672 351 3740 α’νλρε,
374 3671 517 3741 α’ρίστω,
545 3673 595 3727 υἷε
616 3672 1009 3745 άπερθάμοιξνιλτηνῢ.
1030 3677 1112 3743 138),
1140 3679 1184 3730 ubi
1205 3684 1292 3745 αιίτην

239 3745 307 3798 maie
326 3745 458 3797 adiectum
478 3747 596 3812 videtum
621 3765 683 3798 nam
703 3747 873 3799 Zenodoturn
899 3749 934 3800 ita
957 3749 1108 3805 caecutiisse
1127 3750 1153 3802 in
1174 3751 1292 3802 versibus

238 3818 290 3872 iliis
308 3817 531 3887 interpretandis,
556 3829 584 3870 ut
604 3823 689 3887 κοίτην
708 3833 758 3890 pro
777 3821 843 3870 λ’νιον
862 3818 964 3883 tuierit,
991 3821 1029 3870 vir
1049 3820 1112 3872 mihi
1132 3822 1291 3892 persuadeo.

292 3887 340 3956 43)
359 3887 448 3941 Schoi.
470 3889 491 3940 A
517 3900 602 3941 recte:
622 3889 861 3956 Πτολεμίζοιν,
889 3889 1034 3959 Ζηνόδοτος
1053 3890 1099 3943 διά
1118 3897 1166 3945 τοῦ
1184 3890 1206 3957 ζ.
1255 3894 1292 3947 At

240 3959 331 4013 Schoi.
358 3961 609 4019 7ι11ολεαίξοιν
634 3959 662 4012 (ii
687 3958 732 4013 διά
755 3966 803 4012 τοῦ
837 3958 860 4026 ἕ,
877 3957 1050 4031 Ἀρίσταρχος
1075 3965 1103 4015 δλ
1128 3963 1173 4016 διά
1197 3968 1244 4016 τοῦ
1264 3970 1290 4027 εἶ,

241 4052 309 4103 quae
329 4032 412 4102 priori
432 4030 520 4083 schot.
539 4033 563 4082 V
582 4042 661 4084 notae
684 4034 719 4084 ita
739 4031 920 4085 artnectenda:
945 4037 973 4084 K
982 4039 1016 4084 αλ
1040 4049 1152 4094 νεννος
1177 4041 1203 4088 ἐν
1222 4032 1291 4106 πλή-

242 4121 317 4168 ρους,
336 4100 349 4152 ii
369 4108 426 4166 καὶ,
434 4102 577 4172 Ζηνόδοτος
596 4102 696 4172 γράφει,
716 4104 906 4164 πολεμίξων
926 4107 954 4155 att
973 4102 1019 4155 δαὶ
1038 4110 1087 4156 τοῦ
1104 4104 1128 4170 ξ,
1143 4108 1291 4177 Ζηνόδοτος

170 4233 174 4241 ¹
242 4177 271 4224 di
290 4167 334 4225 διά
353 4178 398 4226 τοῦ
409 4174 430 4235 ζ.
466 4174 525 4226 Νοσ
536 4174 597 4228 satis
610 4187 681 4230 recte
692 4175 815 4246 Spitzner
828 4177 853 4228 in
869 4176 927 4228 ioco
943 4177 1105 4232 restituendo
1118 4192 1232 4234 versatus
1251 4192 1291 4234 est
