2896 4888
671 375 741 494 ¹⁷³.

174 570 248 644 quod
269 569 351 623 haesit
370 568 398 620 in
417 553 445 618 ssi
465 558 591 633 οὶήκεσσιν
609 559 723 632 dapnis,
742 576 844 632 quum,
865 563 927 635 quid
949 583 970 617 ο.
988 565 1042 634 σάρξ
1059 565 1224 640 hic.signifi.

173 669 262 725 caret,
280 676 336 710 non
355 654 523 724 intelligeret.
560 649 602 704 cf.
621 669 690 721 quae
709 649 759 702 diri
784 651 813 702 in
832 650 965 704 Ritschelii
984 652 1078 708 Museo
1095 655 1225 712 Rhenano

175 748 200 799 V
218 767 244 816 p.
264 743 326 800 396.
364 742 518 812 Geppertus
537 737 570 792 de
587 735 641 794 boc
658 757 734 792 versu
753 737 807 808 egit
825 735 836 788 I
855 757 882 808 p.
898 736 960 794 378.
978 739 1001 791 ll
1021 761 1045 811 ρ.
1067 739 1128 808 103.

230 833 285 888 Οά.
301 854 329 899 7,
344 830 398 885 400
417 845 519 881 versus:

287 916 350 987 Πάρ
370 915 395 969 d'
413 911 455 984 ἄρ’
471 913 609 981 ἐϋμμελάην
626 912 817 981 Πεισίστρατον
836 907 950 980 ὄρχαμον
965 910 1076 984 ἀνδρῶν,
1110 935 1117 944 ·

288 1001 317 1064 ‘o'c
330 1007 354 1056 ol
370 1001 407 1056 ἔτ’
424 1001 514 1072 Ateste
531 1002 634 1052 παίδων
653 987 684 1065 ἢν
702 1002 728 1050 ἓν
745 1000 907 1066 μεγάροισιν,

172 1094 328 1149 Zenodotus
346 1091 465 1152 sustulit,
487 1109 521 1142 ne
538 1087 717 1140 Telemachus
735 1105 796 1139 cuns
823 1087 933 1157 hospitis
951 1088 1005 1142 stlio
1024 1090 1052 1142 in
1071 1090 1165 1144 eodem
1185 1091 1225 1146 ia-

172 1194 247 1238 ceret
264 1179 389 1236 cubiculo
407 1189 432 1231 et
450 1177 529 1232 lecto.
566 1175 654 1246 Atque
669 1186 756 1240 recte,
774 1175 802 1228 ni
819 1175 912 1242 lallor,
932 1174 1022 1244 haesit,
1041 1196 1126 1248 quum
1144 1177 1225 1232 Tele.

172 1270 301 1324 machum
325 1267 353 1320 in
380 1263 505 1320 cubiculo
524 1263 673 1335 hospitibus
691 1260 838 1329 destinato,
865 1264 1031 1318 Pisistratum
1048 1285 1109 1318 varo
1128 1271 1156 1320 in
1175 1281 1224 1320 suo

171 1358 257 1429 ipsius
274 1353 399 1410 cubiculo
418 1349 537 1406 dormire
556 1352 657 1406 deceat.
705 1351 738 1402 Oi
754 1355 800 1412 μέν
819 1371 842 1408 v.
860 1349 913 1407 396
938 1352 972 1408 ad
995 1370 1088 1408 ornnes
1105 1353 1224 1408 Nestori,

171 1445 242 1498 lilios
260 1443 389 1514 pertinet,
408 1459 442 1493 ne
460 1439 598 1493 Pisistrato
618 1438 727 1510 quidem
741 1450 856 1512 excepto
868 1439 918 1508 84).
1196 1423 1203 1428 -

227 1531 282 1586 Od.
300 1533 329 1598 d,
347 1527 400 1585 498
418 1546 536 1584 versum:

282 1635 285 1642 ·
338 1615 386 1677 Εἷς
404 1613 430 1668 δ’
446 1617 485 1668 ἔτι
502 1635 552 1668 που
571 1612 636 1675 ζωός
655 1616 824 1686 κατερύκεται
841 1612 911 1685 asipa't'
924 1616 1018 1684 σάκκῳ,

170 1706 328 1761 Zenodotea
345 1706 467 1760 recensio
485 1724 540 1758 nou
559 1705 659 1758 habuit.
695 1706 730 1758 At
748 1717 820 1760 recte
834 1704 939 1759 Subol:
957 1703 1114 1773 Ἀναγκαῖον
1133 1711 1162 1761 ot
1180 1714 1223 1760 sut

170 1793 254 1848 αάτόν
271 1789 337 1848 εἶναι
353 1793 399 1848 διά
417 1792 449 1846 τά
466 1787 573 1864 ὕστερον
596 1795 633 1864 (ο.
650 1793 719 1862 551)
742 1796 822 1858 λέγειν
840 1795 988 1847 Μενέλαον·
1016 1793 1064 1848 Σά
1084 1800 1123 1848 dl
1151 1804 1222 1867 τρὶ,-

169 1903 233 1936 τον
251 1880 343 1954 ἄνδρ’
361 1878 514 1944 ὀνόμαζε.
560 1880 603 1934 cf.
620 1879 733 1934 Cramer
753 1880 854 1936 Anecd·
874 1882 935 1934 Par.
954 1881 990 1934 lll
1017 1903 1043 1954 p.
1060 1883 1114 1940 443
1133 1897 1158 1939 et
1176 1905 1222 1939 su.

170 1991 220 2044 pra
241 1971 295 2026 cal
314 1981 369 2025 not.
385 1971 430 2026 52.
466 1969 637 2023 Zenodotum
655 1969 776 2032 offendit,
796 1968 870 2040 quod
887 1969 932 2022 ille
952 1989 1040 2024 versus
1057 1971 1127 2026 inter
1145 1992 1222 2028 com·

170 2059 395 2112 memorationem
422 2068 448 2110 et
471 2056 623 2110 uberiorem
650 2055 857 2126 descriptionem
879 2056 973 2111 mortis
986 2056 1103 2111 duorum
1123 2059 1221 2114 ducum

170 2146 359 2201 intercederet.
411 2148 447 2199 At
467 2156 543 2206 ,recte
567 2144 674 2197 brevem
703 2142 989 2196 commemorationem
1015 2145 1097 2196 trium
1122 2145 1222 2199 ducum

170 2235 317 2309 praemittit
335 2235 465 2298 Proteus,
489 2233 586 2286 deinde
603 2232 636 2285 ad
657 2251 713 2284 rem
732 2230 882 2284 accuratius
900 2231 1102 2286 describendam
1122 2233 1223 2294 transit,

170 2343 264 2381 verum
281 2324 340 2375 eius
354 2321 505 2374 orationem
520 2320 635 2374 Menelai
653 2312 780 2374 lacrimae
798 2318 977 2390 interpellant.
1014 2319 1110 2388 Vides,
1139 2338 1220 2392 quarn

170 2411 372 2467 inconsiderate
388 2409 544 2462 Zenodotus
562 2407 605 2462 bic
623 2427 650 2461 se
667 2407 784 2478 gesserit.

224 2498 280 2553 Od.
297 2503 328 2565 θ,
350 2497 589 2559 Arzanenam,
617 2490 808 2568 Aristophanes
832 2505 859 2548 et
877 2493 1043 2552 Aristarchus
1067 2514 1123 2548 non
1146 2493 1221 2566 lege-

170 2599 235 2641 runt
253 2605 373 2640 versum:

339 2667 430 2731 Atteo'e
448 2675 494 2727 νῦν
512 2669 686 2743 προκάλεσσαι
703 2668 748 2726 lois
767 2679 811 2727 sol
828 2674 944 2742 nlopcdr
962 2674 1065 2738 μῦθον,

171 2782 254 2835 quem
271 2763 303 2816 in
319 2763 476 2816 melioribus
493 2761 568 2816 libris
585 2781 640 2814 non
666 2762 746 2816 fuisse
763 2762 853 2816 statuit
872 2761 995 2816 behrsius
1015 2779 1040 2833 ρ.
1058 2759 1110 2826 ill,
1127 2779 1221 2832 quum,

170 2852 245 2922 quod
263 2862 338 2907 recte
356 2862 449 2904 contra
468 2848 630 2903 Nitascbium
656 2849 692 2917 (ll
712 2870 738 2920 p.
759 2849 821 2913 183)
839 2859 946 2915 mouet,
970 2848 1126 2902 Zenodotus
1149 2861 1221 2904 certe

169 2940 203 2994 ad
224 2941 276 2993 vim
295 2939 365 2993 vocis
380 2940 495 3008 πέφραδε
513 2956 569 2990 non
591 2937 742 2993 attenderit.
777 2937 851 3006 Quid
871 2957 934 2990 sero
950 2937 972 2990 si
991 2937 1020 2988 in
1036 2939 1153 3006 πέφραδε
1170 2939 1221 2998 μῦ·

170 3035 222 3081 θον
239 3027 336 3093 haesit,
356 3026 428 3098 quod
446 3036 505 3096 post
523 3025 698 3095 προκάλεσσαι
715 3023 760 3077 iuis
776 3025 934 3096 languidum
954 3033 1020 3077 esset
1044 3035 1070 3076 et
1088 3023 1218 3090 ieiunum,

169 3117 240 3170 male
259 3135 289 3169 es
313 3137 345 3181 α,
363 3114 416 3170 273
435 3112 487 3166 huc
506 3113 678 3178 translatum,
707 3124 753 3165 aut
777 3113 804 3166 in
822 3113 881 3175 ὶάν,
906 3111 978 3182 quod
998 3109 1218 3163 Nitsschiusad-

168 3208 238 3273 fert,
257 3220 341 3276 quum
360 3202 449 3255 Ulixes
467 3221 592 3272 praeseus
610 3201 663 3254 sit?
693 3200 747 3252 Nisi
772 3201 840 3253 sorte
859 3217 962 3252 versum
980 3196 1146 3268 superfluum
1164 3215 1221 3250 esse

169 3295 277 3368 putarit.
323 3289 513 3362 Aristophanes
536 3299 561 3344 et
586 3287 754 3342 Aristarchus
778 3287 909 3342 Zenodoti
935 3296 1092 3357 argumenta
1118 3286 1225 3355 proba·x

168 3393 234 3436 suut
251 3391 296 3434 aut
313 3379 424 3435 fortuito
445 3397 548 3434 versum
566 3378 704 3446 restituere
714 3375 900 3446 neglexerunt.

223 3456 276 3521 Od.
295 3469 323 3534 l,
341 3467 394 3524 245
412 3466 568 3519 Zenodotus
593 3476 663 3519 recte
686 3465 775 3518 omisit
801 3482 922 3528 uersum,
951 3481 1033 3534 quem
1052 3461 1218 3518 Aristarchus

168 3557 249 3612 obelo
268 3556 384 3610 notarit:

312 3643 382 3694 Λῦσε
401 3643 429 3694 dl
448 3645 593 3712 παρθενίην
611 3636 707 3709 inians,
725 3635 793 3690 κατά
815 3635 840 3690 δ’
858 3631 936 3690 ὕπνον
954 3637 1044 3702 ἔχευεν.

167 3731 258 3788 Schol.
287 3731 314 3786 in
333 3727 454 3784 Cramer-i
474 3729 573 3785 Auecd.
592 3729 653 3784 Par.
672 3726 708 3781 tlt
734 3747 759 3800 p.
779 3727 845 3784 471:
874 3723 947 3798 unte
965 3724 1059 3798 τίγάρ
1078 3729 1112 3800 τῇ
1131 3724 1215 3798 ἓρώσῃ

222 3967 272 4036 34)
292 3935 400 4021 Οῗκάνάε
425 3967 468 4020 hic
493 3967 526 4020 de
552 3965 681 4021 cubiculis
705 3961 908 4034 intelligendum
937 3972 990 4025 est,
1021 3977 1090 4030 quae
1116 3970 1142 4013 et
1166 3959 1212 4013 filii

166 4051 193 4094 et
214 4041 306 4112 generi
325 4039 450 4122 Nestoris·
470 4039 497 4091 in
523 4038 579 4122 eius
598 4039 723 4091 domibus
742 4036 883 4117 habebant.
925 4031 966 4084 Cf.
985 4030 1132 4115 11:132ss
1153 4051 1213 4102 sqq.

168 4108 933 4256 Aretes·distulissetbruun
951 4102 1213 4231 tzttztttttt
