2880 4888
756 337 804 412 52

248 530 280 582 ah
301 524 453 584 Aristarcho
470 533 557 594 spreta
571 522 608 590 Ι).
644 523 763 596 Σνεταχι)
783 546 832 596 pro
856 523 968 597 στοναχή
986 526 1154 582 Zenodotum
1181 551 1220 604 u,
1245 531 1300 588 512

248 616 349 672 dedisse
374 614 472 668 scimus
496 612 663 683 eandemque
683 613 797 668 sormam
825 635 885 668 eum
910 616 1036 670 omnihus
1059 615 1117 670 aliis
1140 617 1217 684 loeis,
1248 639 1301 673 nec

247 706 336 758 minus
360 699 514 766 ατενιιχίζειν
533 719 582 771 pro
607 700 764 765 στοναχίζειν
784 703 883 775 ubique
902 704 1035 774 scripsisse
1065 724 1121 758 non
1147 717 1198 773 est,
1225 709 1299 779 quud

249 792 363 846 dubites.
409 787 499 842 Scbol.
518 786 572 852 Od.
592 809 611 853 ε,
631 785 680 844 83ι
708 785 760 842 Aut
786 793 863 844 τοῦῖ
888 795 1098 863 στεναχῂσιν
1125 794 1154 846 αἱ
1178 791 1300 864 Ἀριστο-

248 878 352 942 atriae.
408 875 598 948 Aristophanes
631 877 713 947 igitur
737 879 919 950 praeceptoris
943 880 1093 950 exemplum
1120 893 1225 939 secutus
1253 896 1300 948 est,

250 969 326 1024 cuius
345 985 445 1020 numen
465 964 522 1030 hic,
546 975 576 1018 ut
594 963 652 1018 tisri
670 966 752 1033 solet,
783 968 909 1022 omissum
936 979 981 1022 est.
1037 967 1079 1022 ΕΙ.
1106 969 1158 1023 c.l
1182 980 1235 1022 not
1256 969 1299 1026 6Ι.

248 1053 431 1120 Aristarchus,
457 1053 522 1108 falsa
542 1051 664 1124 analogia
686 1053 796 1120 ductus,
824 1056 969 1127 genuinam
989 1055 1103 1113 sormam
1124 1077 1138 1111 a
1156 1058 1298 1112 Zenodoro

248 1155 376 1198 servatam
392 1141 549 1206 remorit⁶).
577 1140 660 1208 Quod
676 1143 831 1224 zenodotus
842 1147 868 1210 d,
884 1143 937 1199 478
950 1143 1030 1213 (adde
1045 1165 1070 1212 ρ,
1079 1144 1146 1211 302)
1160 1151 1264 1215 θρέπτοι
1272 1146 1297 1209 ⁷)

248 1232 321 1286 dedit
339 1249 389 1303 pro
406 1230 542 1301 θρεπτριὶ,
569 1235 660 1289 tuetur
680 1233 788 1296 Vossius
812 1232 844 1286 sd
862 1233 953 1304 hymn.
972 1232 999 1285 in
1019 1232 1080 1285 Cer.
1103 1230 1165 1298 108,
1185 1248 1297 1304 compa-

247 1341 310 1374 rans
334 1317 365 1372 ori
392 1315 478 1381 φυιτοὶ
499 1321 634 1384 πΙΙοτται,
663 1319 734 1391 quod
761 1320 813 1374 huc
833 1320 942 1373 minime
961 1320 1085 1392 pertinet.
1131 1320 1297 1374 Aristonicus

248 1420 344 1463 contra
370 1407 540 1460 Zenodotum
568 1419 674 1460 monet:
707 1411 818 1474 Λέγεται
843 1413 872 1462 δὲ
899 1405 1035 1480 θρεπνοῖ
1061 1405 1096 1460 τιν’
1121 1414 1296 1477 τεθραμμένα,

247 1501 371 1566 θρέπτρα
388 1499 417 1548 δὲ
438 1493 485 1548 otis
508 1498 546 1562 τῷ
564 1517 579 1564 ρ
600 1492 637 1560 cri
654 1496 817 1566 θρεπτήρια,
843 1490 924 1566 ὥςπερ
944 1494 1028 1566 λύτρα
1046 1494 1080 1549 eri
1106 1493 1225 1565 Ιυτὴρια.
1261 1497 1295 1552 At

249 1595 296 1637 aut
315 1584 408 1650 tattor,
426 1594 472 1636 aut
490 1583 646 1636 Zenodotus
662 1583 744 1637 verbo
765 1580 880 1636 ἀπέδωκε
905 1583 974 1637 male
997 1583 1132 1638 intellecto
1149 1585 1297 1639 emendarit

248 1668 362 1744 dpsnsri,
381 1673 455 1744 quod
469 1672 595 1726 intellexit
608 1673 774 1724 nutrimento
783 1693 792 1732 ,-
808 1673 969 1742 parentibus
983 1673 1149 1724 nutrimenta
1166 1691 1219 1724 non
1237 1673 1296 1726 red·

256 1762 334 1812 didit.
380 1761 508 1814 Formam
527 1759 660 1828 μάρτυρος
679 1771 718 1825 et,
739 1748 807 1829 oriae
830 1760 892 1814 inde
911 1760 1076 1828 declinatur,
1094 1757 1227 1830 μάρτυροι,
1240 1781 1296 1814 nou

246 1847 383 1918 agnovisse
401 1847 513 1899 videtur.
550 1850 584 1911 B,
605 1844 665 1900 302.
685 1869 710 1911 ν,
730 1845 791 1901 380.
810 1851 837 1912 ξ,
856 1849 909 1903 274
927 1868 976 1919 pro
994 1844 1124 1917 μάρτυροι
1147 1845 1296 1919 legitpu'p-

245 1953 331 2004 τυρες.
367 1931 410 1985 Cf.
431 1932 521 1986 Schol.
541 1933 573 1984 ad
595 1932 620 1984 h.
637 1932 654 1985 Ι.
674 1945 700 1987 et
718 1933 771 1988 Od.
796 1957 822 1999 ιι,
841 1934 903 1992 423.
941 1935 1060 1989 Eandem
1079 1935 1210 1990 Zenodoti
1229 1939 1297 1989 scri·

246 2033 398 2091 pturamn,
417 2019 478 2074 338.
492 2042 520 2086 χ,
540 2019 601 2075 255.
637 2020 692 2075 Od.
710 2024 731 2088 Ε,
751 2021 805 2078 394
824 2023 969 2076 obtinuisse
994 2025 1052 2096 quis
1071 2025 1167 2094 neget?
1202 2024 1297 2095 Neque

245 2109 415 2163 Zenodotum
440 2108 529 2162 locum
550 2108 604 2164 Od.
632 2131 659 2175 π,
679 2110 732 2166 423
758 2130 820 2166 curn
847 2111 961 2165 scholiis
985 2123 1010 2166 et
1027 2111 1130 2164 Wolfio
1158 2111 1295 2185 (Prolegg.

175 2231 178 2238 .
244 2218 271 2268 p.
290 2195 413 2263 ccvtlt)
432 2196 542 2250 dixerim
559 2198 710 2269 neglexisse,
728 2199 773 2251 sed
788 2219 837 2270 pro
851 2197 984 2270 μάρτυρος
997 2200 1097 2254 dedisse
1115 2220 1207 2254 vocem
1226 2202 1297 2256 eius·

245 2289 320 2353 dem,
341 2298 420 2358 atque
438 2285 596 2358 ἐπιτιμήτωρ
617 2287 685 2354 (Od.
702 2310 722 2351 ι,
741 2287 822 2356 170),
846 2287 1056 2359 significationis.
1100 2288 1142 2341 De
1167 2307 1223 2344 voc.
1241 2291 1297 2340 ine·

245 2373 379 2446 μάρτυρος
397 2397 422 2444 η,
441 2376 477 2430 'lii
496 2376 534 2428 vis
554 2377 605 2430 dici
632 2376 743 2446 poterit,
771 2377 834 2447 quid
862 2377 990 2430 statuerit.
1025 2362 1140 2446 Longius
1158 2375 1181 2427 ΙΙ
1200 2397 1226 2448 Ρ.
1248 2378 1295 2434 19:

245 2463 359 2530 „Quum
379 2462 434 2522 ulie
452 2469 477 2518 et
496 2461 561 2530 υἷες,
581 2461 679 2533 cipando
699 2475 724 2516 et
744 2461 825 2534 tipum,
846 2460 946 2534 ἡνίοχος
965 2476 990 2518 et
1008 2461 1132 2533 ἡνιοχῆες,
1151 2468 1252 2534 ἐρίηρος
1270 2477 1295 2519 et

243 2556 342 2622 ἐρίηρες
360 2553 522 2618 dicerentur,
544 2539 608 2623 ‹puid
627 2551 735 2615 obstitit,
756 2573 811 2623 qno
829 2554 918 2606 minus
935 2552 1013 2606 etiam
1032 2549 1166 2621 μάρτυρος
1184 2563 1208 2604 et
1224 2549 1292 2620 μα’ρ-

243 2661 319 2712 τιιρες
338 2639 513 2696 οΙίτετεΙυε2”
559 2646 646 2709 Atque
671 2637 800 2710 μάρτυρες
826 2652 859 2711 ει.
869 2637 1007 2711 μάρτυρας
1025 2651 1131 2710 poetam
1149 2639 1238 2711 hymni
1261 2639 1290 2692 in

243 2728 411 2782 Mercurium
432 2727 526 2795 (372),
552 2727 699 2780 Pindarum
720 2726 779 2796 (Ol.
799 2727 819 2792 l,
839 2727 882 2782 34.
901 2729 977 2781 Nem.
996 2728 1043 2794 ΙΙΙ,
1063 2729 1110 2790 22)
1130 2741 1156 2782 et
1174 2727 1292 2798 Aeschy·
1333 2775 1334 2780 ,

244 2817 301 2869 lum
329 2814 423 2883 (Eum.
442 2815 505 2883 318)
535 2817 626 2869 dixisse
654 2828 753 2870 monet.
803 2817 974 2871 Zenodotum
995 2816 1026 2869 in
1052 2817 1138 2869 forma
1171 2817 1292 2871 inusitata

296 3035 323 3102 5)
343 3031 457 3087 Loheclr.
482 3033 630 3090 Rhematic.
656 3027 682 3110 Ρ
700 3036 766 3094 253ε
805 3034 887 3103 ,ζἈας
911 3033 1020 3098 Boeoti,
1048 3043 1076 3086 ut
1100 3031 1289 3104 Lexicographi

243 3103 491 3172 docent,'adverhii
510 3106 570 3160 loco
590 3108 628 3160 usi
648 3121 725 3177 sunt,
745 3129 794 3180 pro
814 3113 848 3166 εἰς
867 3105 970 3175 αι’ἷριον,
990 3115 1019 3158 ut
1038 3105 1096 3162 ihus
1115 3125 1164 3172 pro
1183 3110 1218 3161 εἰς
1233 3111 1290 3170 τρί-

240 3201 307 3249 την,
327 3179 498 3252 eundemque
517 3199 607 3232 casum
626 3179 908 3236 Zenodotusilumero
927 3175 1063 3248 impegit.”
1099 3175 1141 3227 Cs.
1160 3174 1289 3245 Spitzner.

235 3249 304 3311 ”Aac
323 3252 506 3322 genitivus'cst
524 3253 626 3304 formae
646 3251 695 3321 siu,
715 3274 782 3326 quae
801 3251 854 3306 αι’ἷα
873 3251 973 3306 Lesbiis
990 3259 1054 3302 erat.
1091 3247 1159 3300 Vide
1179 3247 1291 3300 Abrens.

243 3325 274 3378 de
294 3325 411 3378 dialectis
429 3325 439 3376 Ι
459 3345 484 3396 Ρ.
505 3325 564 3380 ΙῖΙ.
584 3324 645 3380 200.

295 3428 324 3494 6)
341 3427 442 3482 Contra
461 3429 631 3483 Zenodotum
652 3441 743 3483 monet
763 3429 945 3482 Aristonicus:
976 3423 1106 3476 Ἐνιπίπτει
1130 3425 1159 3474 di
1185 3419 1218 3475 tn*
1243 3420 1290 3474 did
1338 3423 1343 3431 '

241 3501 290 3548 soii
307 3507 320 3550 ἔ
340 3501 444 3568 ῥήματα
462 3505 487 3552 ἐν
506 3515 560 3558 τοῖς
573 3499 696 3562 ὀνόμασιν
715 3507 750 3560 εὶς
771 3499 801 3552 τοΙ
821 3503 843 3562 ὃ,
863 3503 945 3565 λέγω
965 3495 1078 3562 λόγος,
1096 3499 1178 3556 uim
1197 3493 1288 3564 μονή

228 3561 325 3626 ,οὕτως
354 3568 517 3628 στενάξαι
546 3573 703 3640 ατοναχή.
757 3571 839 3638 Quod
866 3569 985 3640 lleynius
1014 3564 1088 3632 (tht
1118 3585 1144 3636 p.
1169 3565 1235 3630 701)
1263 3575 1288 3619 et

241 3639 364 3710 Spitzner
382 3659 434 3692 exc.
455 3639 489 3692 ΙΙΙ
515 3644 627 3694 omnino
652 3643 810 3712 probarunt.
856 3643 891 3694 At
914 3652 985 3693 recte
1004 3634 1152 3689 Lobeclrius
1168 3635 1287 3690 Rhemat.

241 3732 268 3782 Ρ.
287 3710 341 3770 258
356 3709 425 3764 hanc
441 3713 668 3782 comparationem
681 3713 799 3784 ineptam
812 3712 882 3766 dicit.
916 3707 1034 3778 Στεναχὴ
1051 3708 1160 3760 minime
1178 3727 1193 3759 a
1209 3709 1288 3760 verbo

241 3781 355 3848 στενάχω
375 3783 525 3849 descendit,
553 3779 598 3838 ted
617 3785 730 3852 eodem,
758 3804 812 3855 qun
830 3783 911 3850 illud,
942 3781 1035 3835 suffixo
1064 3800 1079 3832 a
1103 3779 1191 3832 radice
1215 3779 1287 3832 verbi

241 3860 351 3920 στένειν,
370 3855 401 3907 de
422 3856 504 3910 vocali
523 3878 533 3908 ε
553 3869 651 3910 servata
673 3859 707 3909 cl.
733 3855 838 3926 ὶχνρός,
864 3851 971 3925 ἐργάνη,
1000 3853 1092 3921 ἕρκάνη
1111 3847 1242 3915 (Lohecls,
1263 3871 1288 3922 p.

241 3927 323 3993 280),
342 3927 374 3980 de
394 3925 487 3981 suffixo
505 3948 548 3994 αχ,
565 3949 579 3980 a
599 3928 687 3982 Pettio
707 3929 844 3999 neglecto,
864 3927 1008 4000 στόμαχος,
1025 3928 1152 3988 τέμαχος,
1172 3925 1287 3988 Ullum.

242 3999 309 4052 Vide
330 3999 462 4072 Langium
483 3997 504 4049 ΙΙ
525 4020 550 4072 p.
572 3999 599 4056 8.
621 4001 652 4056 10
670 4021 709 4072 sq.
755 4067 759 4074 Ι
849 4003 854 4012 ’

292 4102 323 4165 7)
343 4102 401 4156 Hoc
419 4123 480 4156 cum
501 4105 636 4159 Eustathie
652 4125 678 4176 p.
693 4105 754 4172 501,
775 4107 814 4161 15.
833 4106 867 4161 29
887 4103 1022 4176 praefero,
1044 4118 1126 4174 quum
1146 4101 1173 4152 in
1194 4096 1285 4152 Schol.

239 4171 263 4222 A
282 4172 384 4242 legatur
404 4177 515 4246 θρεπτα.
867 4197 872 4204 =
