2880 4888
373 1158 376 1164 ·
436 1131 710 1212 'consonemus
734 1150 925 1244 caninum

583 1345 800 1353 -—-—-—-—-—--

163 1529 188 1592 1.
252 1527 300 1590 Da
320 1526 522 1591 Zenodoteae
545 1522 738 1608 quaestionis
760 1523 919 1587 fontibus.
962 1569 970 1586 .
1013 1571 1021 1588 .
1066 1573 1074 1590 .
1116 1547 1147 1610 p.
1193 1530 1211 1591 1

164 1630 203 1692 11.
253 1632 301 1692 De
321 1629 473 1693 Zenodoti
494 1628 617 1710 seriptis
645 1634 677 1690 et
698 1627 883 1690 recensione
904 1627 1073 1690 Homerica
1117 1675 1125 1690 .
1168 1631 1211 1695 23

164 1732 218 1794 111.
256 1731 434 1795 Deformis
458 1729 669 1814 grammaticis
692 1737 724 1790 et
745 1729 916 1794 dialecticis
960 1775 967 1791 .
1013 1775 1023 1794 .
1066 1777 1073 1793 .
1116 1778 1124 1794 .
1168 1736 1212 1798 50

161 1835 213 1896 lv.
256 1833 303 1897 De
326 1834 563 1897 constructione
586 1831 814 1916 grammatica.
858 1878 865 1894 .
909 1877 917 1894 .
960 1878 978 1894 .,
1014 1879 1021 1894 .
1066 1879 1074 1896 .
1117 1880 1125 1896 .
1169 1837 1212 1899 66

161 1937 201 2000 V.
255 1938 303 1999 De
325 1935 431 2000 verbis
453 1935 636 2020 synonymis
698 1979 707 1996 .
750 1979 759 1997 .
803 1981 810 1995 .
844 1931 850 1938 ’
855 1980 1125 2000 ......
1167 1939 1210 2004 85

163 2039 213 2101 vl.
255 2039 303 2102 De
324 2039 476 2101 varietate
503 2038 677 2102 formarum
700 2038 972 2120 grammaticarum
999 2059 1126 2102 sensum

292 2141 477 2203 immutante
541 2184 1125 2205 ............
1168 2145 1211 2208 88

162 2243 227 2306 vll.
252 2244 301 2304 De
330 2245 482 2305 vanietate
514 2228 709 2326 singulorum
743 2242 971 2306 vocabuiorum
999 2262 1125 2308 sensum

292 2346 476 2408 immutante
543 2389 1124 2407 ............
1149 2348 1208 2410 101

152 2449 305 2528 ¹Vililie
325 2447 470 2510 versibus
490 2446 662 2509 immutatis
697 2482 1019 2509 .......
1023 2450 1025 2461 ¹
1064 2494 1072 2509 .
1115 2451 1210 2514 ‚143
1272 2457 1274 2462 ’

160 2553 217 2614 lx.
254 2552 303 2613 lie
325 2536 468 2613 versibus
491 2548 689 2630 transpositis
752 2595 1123 2612 ........
1148 2554 1210 2617 154

86 2729 88 2734 ,
162 2656 205 2716 X.
256 2651 304 2714 De
325 2650 468 2716 versibus
491 2651 623 2714 adiectis
644 2660 676 2714 ut
698 2652 822 2714 omissis
855 2696 1122 2718 ......
1148 2658 1209 2719 157

162 2756 219 2818 XI.
263 2756 312 2816 Do
332 2752 475 2818 versibus
498 2752 595 2817 obelo
619 2755 734 2816 notatis
749 2798 1122 2819 ........
1149 2761 1208 2823 177

164 2858 234 2919 ΧΗ.
257 2856 303 2918 De
323 2855 507 2920 Zenodoteo
529 2847 652 2920 dieium
674 2855 781 2920 iliadis
805 2858 1039 2938 compotatione
1062 2905 1070 2922 .
1114 2906 1122 2923 .
1147 2863 1208 2926 194

548 3067 827 3079 ,Μ

163 3241 318 3308 mnenua
363 3289 944 3308 ............
958 3201 997 3304 ᾗ
1041 3291 1048 3306 .
1093 3290 1101 3306 .
1147 3247 1209 3310 199

162 3346 261 3409 ludex
282 3346 427 3409 locorum
448 3347 690 3410 Homerieorum
730 3390 1101 3410 ........
1145 3349 1209 3412 202

161 3449 261 3512 ludex
282 3469 386 3514 rerum
409 3459 441 3515 et
461 3450 690 3516 vocabulorum
730 3495 1101 3516 ........
1146 3454 1209 3518 215

162 3551 368 3616 Emendanda
414 3597 1100 3619 ..............
1144 3558 1209 3624 218

524 3823 857 3850 ..ι-.--.-,-......,Δ
