2896 4888
656 414 726 488 161
835 449 839 459 x

169 604 251 672 yptrp
271 610 364 655 contre
383 599 554 654 Zenodotum
573 617 678 652 versum
698 583 850 668 notaierat,
877 601 946 654 maie
964 607 1026 654 'curn
1046 605 1227 674 dmm-com·

171 700 283 754 mutata,
303 701 383 761 atque
401 689 429 742 in
448 685 579 742 Schotv
600 707 650 758 pro
668 683 843 757 Ἀρίσταρχος
859 689 1033 742 scribendum
1053 701 1090 742 est
1109 690 1225 758 Ζηνόδο-

108 797 115 813 ’
170 797 235 844 τος,
254 777 288 830 de
307 797 358 848 qua
379 776 536 831 confusione
555 776 589 831 ci.
608 795 687 848 supra
713 796 737 831 c.
758 776 777 831 1.
793 777 826 844 ⁶).
878 777 967 848 Atque
993 778 1050 848 ipsa
1074 777 1225 836 emendatio·

170 865 250 918 huius
266 864 318 917 ioci
333 864 473 918 Zenodoto
492 863 654 934 dignissima,
677 864 723 935 qui
742 875 768 918 et
785 865 812 917 in
828 865 954 933 Πήδασον
968 863 1045 916 i'rrnor
1063 865 1142 918 nimis
1155 866 1226 918 nude

169 953 244 1005 dicto
263 951 333 1005 etin
353 947 367 1002 ὅ
384 955 413 1004 δὲ
432 973 454 1004 v.
476 950 529 1005 467
546 972 585 1023 sq.
604 953 716 1024 repetito
734 951 831 1018 haesit,
850 951 921 1005 unde
941 952 1100 1006 adiectirum
1120 949 1225 1021 ripioo'r,

170 1037 245 1108 quod
269 1040 345 1111 equis
368 1057 502 1110 nusquam
522 1039 615 1094 tribuit
632 1038 778 1107 Homerus,
808 1041 911 1094 addidit
939 1051 965 1104 et
991 1057 1080 1092 tersus
1102 1059 1182 1111 supra
1202 1056 1225 1094 t.

135 1171 144 1181 .
173 1124 221 1180 151
242 1145 282 1196 sq.
307 1126 340 1178 de
359 1125 475 1179 Patrocli
501 1128 577 1199 equis
599 1127 730 1182 adhibitos
755 1129 882 1195 inseruit,
910 1127 957 1181 ilio
983 1125 1028 1180 τδν
1051 1126 1115 1193 βάλε
1144 1125 1225 1186 driade

171 1201 241 1276 οἷμον
260 1233 310 1266 er.
323 1213 376 1269 289
396 1213 544 1285 desumpto.
580 1215 768 1269 Lachmannus
787 1213 824 1284 (H
843 1235 869 1288 p.
879 1215 929 1285 29)
949 1214 982 1269 dc
1000 1215 1117 1269 versibus
1134 1213 1223 1270 467-

169 1303 225 1358 417
245 1301 381 1356 eiiciendis
397 1321 454 1356 non
473 1302 614 1358 immerito
628 1303 735 1376 cogitat.

224 1395 258 1453 Υ,
276 1387 326 1445 3οε
580 1397 581 1402 ’

338 1480 438 1545 Atreo,
455 1475 492 1551 μή
511 1483 555 1530 καὶ
573 1481 667 1546 crtpoc'
675 1475 821 1550 ὑα1ρμορον
839 1475 993 1550 ἐξαλαπάξῃ.

169 1563 261 1620 Schoi.
281 1565 320 1620 V:
340 1569 412 1625 Τινὶς
429 1563 590 1635 γράφουσινε

340 1650 380 1706 Ου’
396 1658 484 1716 μέντοι
501 1651 572 1724 μοῖρ’
589 1657 659 1706 ἔστιν
677 1652 716 1704 i'rr
737 1651 809 1712 ζωοῦ,
821 1650 941 1723 Ἀχιλῆος

335 1735 411 1794 Ἰλίοὺ
429 1745 550 1812 iuniperus
568 1738 728 1804 οοῖναιόμενσν
746 1744 919 1812 πτολίεθρον·

339 1833 428 1900 πέρσα
445 1831 586 1900 δουρᾶτὲος
607 1825 636 1881 θ’
652 1827 729 1888 ἵππος
745 1834 790 1881 καὶ
806 1831 886 1900 μῆτις
903 1825 1002 1882 Ἐπειοῦ
1013 1830 1048 1896 7),

168 1915 376 1986 Aristophanem
396 1915 444 1970 hos
461 1929 513 1972 tres
530 1937 619 1971 versus
633 1933 688 1970 non
706 1917 799 1989 legisse
817 1917 880 1970 inde
893 1916 1052 1990 colligimus,
1068 1916 1140 1988 quod
1161 1935 1221 1971 curn

169 2025 191 2056 v.
212 2003 247 2059 30
267 2000 426 2076 ὑπέρμορον,
444 2023 499 2060 non
517 1999 581 2076 ὑπὲρ
601 2006 681 2076 μόρον
699 2006 833 2076 scripsisse
859 2007 984 2059 refertur.
1020 2006 1063 2060 De
1080 2007 1222 2060 Zenodoto

168 2111 201 2144 eo
221 2092 385 2162 probabilius
404 2094 595 2164 cogitabimus,
624 2093 696 2165 quod
715 2092 805 2147 schot.
826 2091 852 2145 V
871 2112 1069 2164 nonnunquam
1088 2098 1155 2153 wic
1173 2094 1222 2148 ha-

167 2179 227 2245 bet,
245 2179 293 2232 ubi
314 2180 358 2234 alii
376 2181 546 2234 Zenodotum
565 2183 721 2241 nominant,
748 2192 773 2233 et
801 2190 990 2250 argumentum
1011 2179 1088 2232 huius
1106 2180 1223 2250 scriptu-

168 2285 215 2320 rae
234 2268 371 2336 adfertur,
390 2277 423 2322 ut¹
438 2270 466 2322 in
480 2268 642 2322 Zenodoteis
655 2266 718 2319 'fleri
731 2265 849 2319 -ridimus
867 2267 960 2338 (supra
980 2285 1003 2321 c.
1021 2264 1071 2333 li):
1090 2267 1153 2323 Πῶς
1170 2263 1222 2336 reip

168 2351 182 2407 d
200 2355 275 2416 sidric
293 2369 418 2428 μοῖραν
437 2355 613 2426 α’μμορίηο
630 2353 747 2426 esdod.
765 2375 790 2422 v,
810 2353 856 2421 76)
880 2358 925 2406 νῦν
943 2351 1072 2416 δοστάζοο;
1093 2350 1222 2404 Zenodo-

167 2457 211 2499 tus
236 2445 264 2499 in
289 2449 368 2499 δείδω
386 2445 498 2500 haesisse
524 2445 643 2510 videtur,
675 2443 747 2516 quod
768 2443 888 2515 iuppiter
915 2443 1009 2496 timere
1028 2451 1222 2513 nequeat,‘ne

167 2531 285 2587 Achilles
310 2545 402 2588 contra
428 2534 546 2587 fatorum
570 2533 693 2587 ordinem
719 2532 814 2584 urbem
842 2531 937 2585 diruat·
980 2529 1016 2582 At
1041 2528 1075 2582 ci.
1093 2527 1222 2600 Naegels-

166 2620 292 2674 bachium
312 2621 367 2674 11.
391 2643 417 2693 p.
439 2621 490 2677 124
508 2641 566 2693 sqq.
609 2619 686 2672 Alter
713 2638 802 2672 versus
830 2623 892 2684 ed,
911 2611 965 2672 ‘133
993 2615 1149 2688 desumptus
1173 2627 1220 2682 est,

167 2709 213 2762 ubi
233 2708 400 2764 Aristarchus
412 2707 491 2762 Ἴλιον
508 2708 618 2776 habuit,
643 2707 798 2761 Zenodotus
817 2725 880 2760 vero
898 2703 978 2757 Ἰλίου
996 2704 1089 2776 legisse
1107 2703 1219 2757 ride'tur·

167 2795 210 2849 Cf.
228 2796 352 2870 Spitcner
369 2797 402 2850 ad
423 2796 535 2863 β,’199.
578 2797 623 2854 Ad
652 2797 770 2870 primurn
796 2813 900 2850 versum
925 2794 959 2849 cf.
978 2792 1033 2846 Od.
1051 2813 1076 2860 e,
1094 2792 1139 2860 41.
1160 2793 1220 2848 114.

166 2884 238 2953 345,
257 2885 291 2938 ad
312 2887 421 2940 tertium
440 2883 493 2938 od.
512 2891 541 2950 e,
558 2884 611 2940 492
627 2905 667 2956 sq.
705 2885 746 2937 De
764 2887 853 2944 μέντοι
873 2893 946 2936 recte
965 2879 1070 2933 monuit
1087 2877 1219 2952 Spitrner.

166 2973 300 3028 Homerus
318 2973 435 3028 dixisset:
455 2969 526 3026 Ἀλλ’
545 2969 576 3026 oii
592 2971 615 3024 oi
635 2969 704 3043 μοῖρ’
724 2975 794 3025 ἔστιν
810 2969 835 3024 ’1.
855 2975 876 3022 i.
896 2967 934 3026 ni.
954 2991 997 3022 nr.
1053 3033 1055 3040 X

222 3060 301 3116 Certa
332 3061 413 3131 igitur
440 3080 563 3114 versuum
592 3062 625 3114 ab
654 3061 712 3132 ipso
736 3059 878 3114 Zenodoto
909 3058 1075 3112 adiecturum
1101 3056 1220 3127 exempla

166 3159 229 3202 sunt
246 3169 272 3216 α,
291 3149 352 3204 404.
377 3151 403 3212 i,
424 3147 484 3203 136.
514 3169 538 3218 ρ,
556 3147 624 3210 456,
653 3149 751 3220 quibus
772 3148 840 3200 adde
859 3169 889 3212 κ,
908 3144 969 3200 349.
995 3163 1030 3208 π,
1049 3141 1111 3196 467.
1131 3163 1154 3200 υ.
1174 3143 1219 3209 30,

166 3239 187 3290 si
214 3257 273 3290 vere
297 3235 341 3292 hic
358 3236 527 3291 Zenodotum
552 3235 757 3311 intelligendum
782 3255 837 3288 esse
862 3231 986 3304 suspicati
1010 3247 1117 3298 sumus3
1140 3227 1219 3282 dubi-

166 3385 452 3394 -u--o—-o--n-n--a-u

220 3471 250 3539 6)
270 3453 374 3526 Erravit
399 3492 478 3539 vero,
507 3471 579 3544 quod
607 3451 776 3540 Henodotum
806 3471 841 3524 ob
869 3465 1049 3522 disserentium
1076 3464 1219 3520 verborum

166 3539 278 3596 οὐτάσαι
296 3555 321 3596 et
339 3546 428 3609 βαλεῖν
446 3545 537 3598 locum
551 3546 704 3600 emendasse
723 3545 794 3598 dicit.
833 3541 916 3610 Quod
937 3559 972 3594 ne
989 3538 1102 3604 mireris,
1121 3537 1156 3592 ci.
1169 3557 1219 3608 ¹su·

166 3633 216 3686 pra
236 3635 258 3669 c.
280 3615 340 3668 Viil
360 3627 423 3668 nota
442 3617 485 3672 49.

221 3703 251 3770 7)
271 3703 389 3775 Heynius
409 3703 486 3771 (Vlii
504 3724 532 3776 p.
555 3704 602 3773 12)
631 3704 719 3775 primo
744 3722 819 3756 versu
850 3705 905 3762 int,
924 3696 969 3752 sed
988 3697 1026 3748 dra
1051 3698 1101 3764 (cs.
1121 3715 1151 3762 σ,
1173 3697 1219 3757 10)

165 3786 290 3847 praestat.
326 3775 447 3828 Tertium
468 3795 588 3840 versum,
611 3777 656 3828 ubi
676 3775 773 3847 legitur
790 3779 866 3843 πέρσε
885 3766 1025 3840 δουράτεος
1043 3766 1218 3844 ἵσποςμασῑα

164 3847 289 3918 Spitzner
306 3847 427 3901 restituit.
462 3848 522 3900 Non
543 3847 634 3911 rideo,
660 3865 709 3900 cur
727 3865 789 3899 cum
807 3845 1082 3916 Heyniostatumnus,
1101 3838 1148 3890 hos
1166 3851 1219 3892 tres

165 3937 256 3971 versus
274 3935 330 3971 non
347 3928 402 3970 tam
421 3938 471 3988 pro
489 3939 512 3973 r.
528 3917 563 3973 30
581 3919 701 3989 scriptos,
722 3935 802 3990 quam
822 3919 849 3968 in
871 3915 992 3984 margine
1011 3910 1117 3965 aliunde
1136 3910 1219 3974 ascri·

165 4001 225 4062 ptos
244 3989 332 4042 tuisse.
365 3989 503 4058 Spitzuer:
528 3991 590 4056 „Ab
610 3989 719 4042 Homeri
738 4009 800 4042 vero
826 3986 916 4040 indoie
935 3985 982 4037 ista
1002 3981 1146 4034 abhorrere
1164 3982 1218 4034 inm
1307 4002 1310 4015 ·

164 4065 253 4121 perros
276 4061 407 4132 particula
434 4061 498 4128 (vid.
527 4061 661 4114 cxcviii
688 4059 750 4132 §3)
768 4060 891 4113 ostendit.
936 4052 1104 4109 Crediderim
1131 4053 1220 4123 potius

164 4133 245 4197 haec,
273 4144 384 4203 aposta
408 4131 498 4204 atiquo
518 4133 621 4204 cyclico
642 4134 775 4204 prosecta,
803 4132 836 4184 ad
855 4131 1003 4184 Homerum
1022 4135 1158 4178 auctorem
1178 4136 1220 4177 te.

165 4224 240 4257 mere
254 4223 308 4258 esse
322 4202 471 4257 translata.’'
506 4208 540 4258 At
555 4205 639 4274 poetis
654 4205 721 4276 epici
735 4203 802 4275 cyeii
815 4203 881 4256 haec
896 4216 1006 4272 prorsus
1023 4207 1085 4250 sunt
1098 4195 1217 4268 indigna.

959 4285 989 4338 11
