2880 4888
171 1105 292 1213 Miro
319 1142 464 1223 quodam
490 1159 569 1211 casu
590 1142 713 1211 factum
739 1145 798 1220 est,
824 1145 860 1208 ut
880 1126 1034 1236 ὕστερον
1048 1129 1226 1238 πρότερον

171 1258 385 1365 Ὁμηρικῶς
408 1269 669 1349 triumvirorum,
695 1271 752 1354 qui
777 1271 958 1339 hodiernae
972 1271 1225 1368 Homerioorum

173 1389 360 1460 carminum
386 1387 514 1468 formae
541 1387 754 1457 fundamenta
771 1391 928 1469 iecerunt,
954 1389 1123 1470 Zenodoti,
1148 1390 1224 1456 Ari-

173 1507 361 1588 stephanis,
392 1507 590 1586 Aristarchi,
627 1511 802 1596 postquam
828 1507 969 1590 Wolfius
1005 1506 1046 1572 de
1077 1509 1224 1574 Alexan-

179 1625 278 1689 drinis
311 1625 432 1690 criticis
467 1626 605 1710 copiose
631 1629 663 1690 ct
687 1625 849 1692 subtiliter
884 1625 1054 1707 exposuit,
1091 1626 1135 1704 is,
1167 1628 1223 1709 qui

174 1749 323 1826 tempore
342 1749 528 1826 postremus
552 1747 632 1823 erat,
659 1745 783 1827 primus
800 1743 983 1810 studiorum
999 1760 1136 1810 suorum
1153 1745 1223 1812 Ho-

173 1863 375 1928 mericorum
400 1864 611 1944 interpretem
637 1863 799 1929 inveniret
820 1866 871 1942 et,
905 1864 961 1945 qui
995 1864 1120 1946 primus
1146 1883 1223 1947 per·

171 1974 307 2048 hibetur
320 1982 457 2050 Homeri
484 1982 585 2046 tuisse
612 1965 830 2076 ὃιορθωτῆς,
844 1963 969 2049 ‘ultimo
989 1984 1065 2048 loco
1090 1984 1222 2049 relictus

171 2102 233 2180 sit,
260 2119 362 2183 quum
387 2101 635 2183 Aristophanes,
658 2101 786 2166 medius
812 2103 898 2167 inter
920 2107 1095 2184 utrumque
1119 2104 1223 2170 inter·

170 2225 292 2300 iectus,
325 2239 432 2304 nuper
468 2221 652 2286 accuratius
685 2221 867 2302 descriptus
902 2221 953 2285 sit.
1014 2225 1121 2302 Atque
1146 2223 1223 2287 Ari-

171 2341 294 2406 starchi
329 2341 462 2422 quidem
498 2357 601 2423 opera
618 2341 668 2405 'in
695 2339 841 2406 Homero
875 2340 983 2422 posita
1015 2333 1082 2404 tam
1112 2341 1223 2404 subtili

171 2444 324 2526 acumine
352 2464 384 2525 et
411 2461 530 2540 insigni
562 2458 747 2525 eruditione
772 2464 870 2542 atque
897 2459 1047 2525 doctrina
1072 2477 1094 2524 a
1119 2459 1222 2526 Lehr-

170 2581 222 2644 sio
249 2580 335 2645 iihro
360 2581 533 2661 praeclaro
560 2580 712 2661 exposita
737 2583 803 2658 est,
829 2583 865 2644 ut
891 2580 1041 2662 egregius
1064 2579 1143 2645 inde
1167 2599 1222 2645 re-

171 2699 369 2764 dundaverit
401 2700 435 2763 in
471 2701 570 2764 totius
605 2700 683 2764 artis
716 2700 849 2764 criticae
885 2699 1056 2764 historiam
1086 2699 1220 2765 fructus.

170 2819 247 2898 Quo
263 2818 393 2884 Lehrsii
419 2795 513 2884 libro¹
531 2823 566 2884 ut
590 2823 705 2886 nostra
726 2819 766 2883 da
783 2797 943 2884 Zenodoti
967 2819 1080 2884 studiis
1096 2820 1220 2884 Home-

169 2941 246 3004 ricis
273 2939 456 3020 disquisitio
479 2955 548 3004 non
572 2955 706 3020 prorsus
730 2939 865 3020 indigna
890 2939 951 3018 sit,
965 2917 1020 3005 'eo
1041 2940 1221 3004 vehemen-

169 3061 233 3124 tius
260 3062 359 3140 opto,
394 3075 461 3140 quo
494 3056 628 3138 gravior
660 3059 715 3123 hic
746 3060 878 3123 criticae
912 3060 991 3123 artis
1014 3059 1048 3124 in
1074 3060 1241 3154 Homerox

169 3177 369 3243 factitandae
394 3179 487 3242 locus
514 3182 572 3242 est.
625 3177 757 3260 Optime
783 3179 863 3243 olim
889 3178 930 3241 de
956 3177 1126 3244 Zenodoto
1153 3179 1221 3242 dis-

171 3297 481 3381 putavitwoltius,
515 3297 573 3362 sed
599 3267 677 3362 ¹rem
709 3302 778 3361 tum
813 3299 973 3379 perficere
1004 3314 1072 3361 non
1096 3297 1219 3379 potuit;

169 3419 225 3501 qni
251 3422 326 3500 post
351 3417 509 3482 Wolfium
543 3417 584 3482 de
610 3417 780 3483 Zenodoto
807 3417 1025 3497 scripserunt,
1052 3420 1109 3480 aut
1133 3417 1222 3481 hunc

170 3541 341 3626 auctorem
366 3553 479 3618 presse
502 3539 604 3602 secuti
630 3542 722 3618 sunt,
757 3541 813 3606 aut
837 3537 907 3604 eius
934 3536 1078 3616 vestigiis
1098 3538 1220 3602 relictis

168 3660 294 3720 rectum
312 3656 477 3719 tramitem
492 3655 716 3722 deseruerunt.
767 3657 961 3724 Universam
983 3657 1220 3740 quaestionem,

169 3777 203 3838 in
231 3791 297 3856 qua
331 3773 485 3840 habenda
509 3776 638 3854 Woitii,
670 3776 806 3857 Heynii,
839 3779 901 3842 viri
926 3777 1120 3842 immortalis
1147 3795 1219 3841 me-

168 3895 315 3972 moriae,
350 3897 382 3957 et
407 3891 532 3959 Lehrsii
565 3896 693 3978 scriptis
713 3897 866 3961 manime
892 3897 1021 3962 adiutus
1045 3911 1146 3990 sum,
1173 3896 1219 3959 ita

167 4013 401 4079 instituendam
416 4030 488 4078 esse
510 4014 601 4093 duxi,
627 4020 663 4079 ut
681 4016 732 4100 ab!
749 4017 820 4098 ipsa
836 4016 987 4092 fontium,
1014 4015 1132 4095 quihus
1156 4032 1218 4079 no-

166 4137 235 4200 stra
252 4133 462 4200 Zenodoteae
489 4123 691 4200 recensionis
714 4137 858 4216 cognitio
885 4134 1006 4211 nititur,
1030 4133 1140 4198 indole
1168 4138 1217 4197 at-
