2896 4888
728 335 800 432 1'78

294 553 337 616 A,
356 551 372 607 4
390 570 429 622 sq.
455 547 633 614 addubitavit,
662 567 718 619 quo
745 554 904 598 structuram
923 545 984 597 satis
1002 544 1157 618 impeditam
1176 548 1297 616 levaret;

241 639 324 694 iunxit
343 637 414 691 enim
434 640 457 694 ii
471 621 502 688 eri
521 655 582 688 cum
602 637 740 702 προΐαψεν,
760 652 831 694 non,
857 652 925 704 quae
944 632 1089 686 Aristarchi
1109 647 1165 688 erat
1182 649 1297 690 senten-

242 729 292 792 tia,
317 745 378 780 cum
398 727 504 776 ιἐλείετο
527 719 661 790 βουλὴῑ).
708 720 743 773 At
769 720 835 773 haec
853 715 996 788 ἀθέτησις,
1022 720 1171 774 dummodo
1200 723 1295 776 locunt

238 825 313 868 recte
332 810 528 882 interpreteris,
549 809 660 862 minime
680 807 845 872 necessaria,
864 806 931 860 sires
950 827 1099 880 nervosque
1118 810 1196 864 huius
1215 811 1297 864 inro-

242 899 353 956 cationis
380 899 486 970 egregie
511 895 637 949 infirmat.
674 895 755 962 Quod
776 905 847 946 recte
871 893 935 947 vidit
958 895 1145 963 Aristonicus,
1165 889 1294 952 monens:

241 995 347 1042 Γίνεται
373 989 402 1039 dl
430 985 460 1050 αδ
485 991 619 1054 προοίμιον
638 979 725 1034 κόλον·
754 986 796 1033 καὶ
821 978 887 1046 node
912 977 961 1039 eric
985 980 1072 1047 ψυχας
1096 981 1296 1037 α’ντεδιέσταὶκε

241 1075 272 1129 ed
292 1070 419 1132 αὐτούς
438 1075 472 1124 δέ
490 1076 532 1124 rut
557 1079 609 1122 τῶν
628 1069 763 1132 σωμάτων.
801 1069 919 1122 Alteram
946 1085 1072 1136 causam,
1102 1091 1182 1142 quam
1201 1072 1295 1124 Zeno-

164 1162 167 1173 '
245 1164 338 1216 dotum
358 1162 468 1213 movisse
483 1159 585 1222 dixeris,
606 1158 663 1211 vide
682 1159 709 1210 in
730 1169 792 1210 nota
803 1156 840 1216 ²).
876 1155 971 1208 Nescio
987 1177 1021 1210 an
1037 1159 1211 1228 probabiliter
1224 1180 1295 1214 con—

245 1252 335 1317 iicias,
354 1248 524 1314 Zenodotum
545 1257 598 1298 tres
615 1265 704 1298 versus
722 1243 778 1314 (3-
791 1243 820 1310 5)
838 1243 1015 1299 addubitasse.

296 1340 340 1405 A,
359 1333 393 1390 46
418 1355 459 1406 αφ
481 1333 636 1404 proscripsit
663 1344 688 1384 et
718 1331 745 1383 in
774 1331 977 1401 repetitionibus
997 1334 1294 1400 χωόμενυς-χωομὲνυιο

242 1430 275 1486 (v.
296 1425 339 1480 44,
357 1423 427 1488 db),
447 1419 652 1483 ὤμοισιν-ὤμων
671 1425 704 1484 (v.
724 1419 767 1475 45.
786 1417 832 1481 46)
860 1430 885 1470 et
904 1405 930 1470 in
951 1421 1050 1491 sagittis
1068 1423 1095 1476 in
1116 1421 1158 1476 dei
1174 1423 1296 1476 humeris

226 1509 541 1572 =sonan1tbushaerens3
569 1527 630 1561 nam
649 1528 671 1558 v.
690 1505 724 1560 46
744 1526 806 1558 eum
835 1507 978 1577 praecipue
1005 1509 1149 1562 offendisse
1175 1511 1295 1574 ridetur3

187 1645 190 1655 i
243 1599 362 1670 alioquin
387 1617 447 1650 cunr
473 1596 594 1650 Bentleio
614 1607 638 1648 et
658 1591 907 1666 Payne-,Knightio
933 1615 955 1646 r.
975 1597 1021 1651 47.
1041 1609 1142 1650 tantum
1168 1609 1296 1652 notasset.

243 1685 376 1738 Zenodoti
401 1703 514 1737 acumen
539 1703 552 1736 a
582 1703 643 1736 vero
671 1683 806 1736 aberrasse
833 1693 932 1734 veteres
959 1693 985 1736 et
1014 1685 1177 1739 recentiores
1206 1687 1294 1741 critici

244 1773 420 1826 consentiunt.

295 1863 337 1927 A,
356 1859 390 1914 63
411 1858 479 1910 male
500 1858 579 1910 obelo
596 1857 718 1912 confodit
737 1875 855 1908 versum:

354 1947 395 1997 ”H
411 1951 454 1997 urit
472 1943 631 2016 ὄνειροαῦλον
650 1975 683 1986 -
704 1950 746 2000 καὶ
764 1943 815 2012 reip
834 1941 858 1994 τ’
877 1939 940 2015 i'eup
958 1948 985 1996 lu
1004 1935 1167 2012 Aedcinrm

243 2016 286 2088 hic
304 2033 375 2086 enim
394 2029 450 2086 no‘n
468 2033 501 2086 de
520 2029 625 2087 so'mnio
644 2031 847 2104 interpretando
863 2032 914 2104 agi.
934 2033 1114 2088 Aristonicus:
1132 2032 1246 2105 Μήποτε
1265 2039 1295 2088 at

243 2120 416 2192 derapoxpi'rqe
433 2115 568 2190 ὑπείληφεν
587 2119 771 2192 (Ζηεὸδοτος),
798 2117 843 2172 arie
864 2117 960 2190 ὄρθῶς.
1003 2119 1182 2192 Ὀνειροαόλος
1207 2135 1293 2177 ratem

242 2209 285 2264 bic
303 2209 448 2280 significat,
476 2211 519 2263 cui
538 2209 579 2268 dei
597 2211 718 2264 voluntas
735 2211 842 2264 somnio
861 2209 894 2262 ab
912 2225 946 2261 eo
973 2209 1052 2262 misso
1067 2213 1296 2281 praenunciatur;

242 2297 301 2350 talis
317 2316 381 2350 vero
400 2297 479 2350 simul
498 2295 669 2368 dvraponptrqe
691 2309 738 2352 est.
769 2296 819 2353 cf.
837 2317 857 2364 r,
873 2296 930 2352 149.
968 2295 1158 2370 Naegelsbach.
1177 2301 1212 2354 ad
1230 2301 1258 2355 ba
1278 2301 1295 2357 Ι.

245 2397 270 2438 et
283 2386 317 2438 de
336 2383 469 2456 theologia
490 2386 630 2440 Homerica
652 2407 676 2458 p.
698 2387 731 2442 59
750 2407 808 2459 sqq.

296 2472 387 2539 A,·80
406 2473 566 2526 eiiciendum
586 2493 640 2528 esse
661 2475 761 2546 putarit
778 2489 897 2527 versum:

391 2561 512 2630 eriuuet
529 2560 581 2633 γάρ
600 2561 735 2629 βασιλείας,
754 2561 798 2616 ὅτε
814 2559 927 2628 χώσεται
946 2560 1024 2633 ἄνδρα
1038 2565 1130 2632 tiphe,

244 2647 289 2719 qui
304 2648 441 2720 quomodo
454 2665 515 2702 rum
531 2652 665 2721 prioribus
679 2650 844 2715 cohaereret,
863 2669 917 2703 non
934 2651 1004 2716 sidit,
1019 2661 1044 2707 et
1060 2651 1086 2704 in
1101 2647 1153 2721 γαρ
1164 2647 1296 2724 bisre'pe-

243 2739 292 2790 tito
311 2735 442 2807 (cliu'iss.
456 2735 500 2792 80.
514 2737 572 2806 81),
592 2751 618 2792 et
635 2739 663 2792 in
677 2736 859 2810 comparativo
872 2743 979 2808 κρείσσω
998 2739 1042 2806 (de
1061 2738 1111 2792 bae
1129 2740 1212 2792 terma
1234 2741 1295 2816 vide

243 2842 322 2892 snpra
343 2823 422 2888 ettt)
441 2821 560 2878 haerens.
597 2827 834 2880 At'sententiarum
849 2843 930 2880 nexus
948 2835 1020 2880 reete
1038 2845 1066 2879 se
1085 2811 1187 2880 babet(
1205 2827 1292 2893 „tttle-

300 2976 329 3040 t)
349 2973 501 3045 Utrumque
518 2975 608 3030 minui
623 2987 695 3030 recte
715 2977 792 3032 statui
812 2976 911 3030 iudico.
947 2975 1035 3028 Verba
1051 2973 1068 3044 i)
1084 2971 1156 3045 μυρί’
1172 2972 1291 3042 {Agenore

243 3072 277 3086 -
296 3042 379 3112 flovit}
401 3045 557 3099 adiectisum
584 3044 722 3115 οὐλομένην
738 3069 767 3100 ex
789 3067 839 3100 usu
862 3047 1007 3100 llomerico
1040 3047 1187 3116 explicant,
1216 3052 1240 3106 εξ
1264 3037 1296 3100 ori

244 3134 306 3168 vero
324 3115 357 3169 atl
376 3121 451 3187 urim
470 3120 543 3192 quasi
565 3120 648 3184 redit,
674 3131 703 3172 ut
725 3121 832 3172 initium
854 3117 940 3171 iliadis
962 3120 997 3171 ita
1024 3115 1228 3190 intelligendum
1247 3121 1296 3174 sit:

243 3189 314 3253 „Dic
329 3187 400 3254 mihi,
421 3189 479 3256 dea,
496 3188 563 3242 iram
582 3189 692 3245 Achillis
713 3191 899 3262 perniciosam,
914 3191 947 3243 'ab
960 3209 992 3243 eo
1010 3189 1073 3242 inde
1090 3202 1219 3261 tempore,
1239 3211 1296 3263 quo

244 3261 362 3330 primum
385 3260 502 3314 exarsit.”
1168 3265 1176 3280 “

262 3338 267 3353 ·
296 3333 327 3396 2)
342 3332 464 3403 lleynin‘s
480 3331 531 3401 (lV
551 3351 577 3402 p.
596 3331 640 3397 9):
671 3330 792 3399 „Quaeri
822 3349 931 3402 quoque
954 3346 1029 3400 posse
1049 3343 1129 3402 puto,
1158 3351 1193 3385 an
1222 3344 1296 3388 recte

244 3402 338 3456 adiecti
357 3403 410 3458 sint
429 3423 517 3456 versus
533 3406 571 3474 (p.
590 3403 607 3458 4
624 3404 689 3474 sq):
718 3422 809 3456 rerum
837 3403 907 3456 enim
929 3423 984 3454 non
1013 3414 1050 3458 est
1069 3422 1182 3474 corpora
1203 3422 1298 3457 caeso·

244 3492 304 3526 rum
324 3475 454 3544 insepulta
474 3475 577 3528 abiecta
598 3494 666 3527 esse:
700 3493 761 3527 nam
787 3485 845 3544 post
874 3473 992 3545 priorem
1018 3494 1150 3545 pugnarn,
1181 3475 1298 3529 induciis

244 3543 335 3608 sactis,
355 3564 469 3617 corpora
488 3543 590 3598 sublata
610 3557 670 3598 sunt
690 3555 716 3598 et
732 3543 850 3616 sepulta:
869 3555 928 3616 post
947 3543 1056 3598 alteram
1074 3557 1097 3598 et
1118 3546 1223 3598 tertiam
1243 3567 1298 3617 pu-

244 3633 324 3683 gnam
341 3634 398 3671 non
419 3618 481 3668 satis
500 3617 550 3668 luit
567 3616 614 3668 otii
634 3616 666 3669 ad
685 3618 863 3685 sepulturam:
881 3616 909 3667 in
928 3629 1009 3686 quam
1025 3618 1182 3670 seutentiam
1202 3617 1296 3690 dispu-

244 3697 336 3738 tantur
357 3704 466 3810 quoqpe
487 3687 617 3739 nonnulla
637 3689 665 3740 in
683 3687 774 3741 Seh'ol.
794 3686 881 3758 Lips.''
924 3690 961 3740 At
977 3687 1111 3758 lleynius,
1136 3692 1182 3759 qui
1201 3689 1298 3760 dispu-

245 3758 371 3817 tationem
385 3757 421 3812 Sc
441 3758 475 3812 ol.
496 3757 517 3810 L
536 3759 669 3816 nonsatis
689 3769 811 3814 accurate
831 3758 966 3828 expressit,
995 3760 1051 3830 ipse
1069 3762 1210 3822 concedit.
1235 3773 1298 3832 post

213 3875 218 3880 .
245 3831 405 3914 posteriores
424 3849 527 3902 pugnas
547 3849 661 3900 corpora
682 3831 791 3884 iacuisse
816 3829 956 3899 insepulta.
998 3829 1101 3885 llellter
1120 3836 1158 3902 (p.
1180 3832 1223 3898 ltl)
1242 3831 1298 3886 hoc

245 3921 303 3972 ipso
321 3914 481 3972 argumento
501 3901 533 3954 ab
554 3899 658 3972 lleyuio
681 3901 761 3955 allato
779 3901 949 3953 Zenodotum
977 3913 1022 3954 aut
1039 3903 1120 3955 alium
1142 3900 1225 3956 virum
1245 3904 1298 3955 do-

246 3983 317 4024 ctum
336 3985 397 4026 ante
416 3991 477 4025 eum
498 3982 572 4044 putat
590 3984 691 4026 motum
712 3994 783 4038 esse,
808 3984 836 4026 ut
856 3990 944 4040 versus
961 3971 1020 4026 illos
1036 3975 1219 4036 addubitarem
1246 3977 1298 4027 ad-

245 4044 284 4096 dit
304 4061 378 4096 vero=
399 4052 450 4110 „At
468 4047 496 4096 tn
513 4045 647 4114 poematis
665 4046 725 4099 talia
746 4063 799 4100 oon
820 4055 881 4097 sunt
900 4045 1060 4114 premenda3
1087 4063 1170 4118 quare
1189 4047 1233 4099 ille
1251 4066 1298 4099 er-

147 4145 151 4152 -
246 4133 302 4170 asse
322 4115 492 4170 iudicandus
507 4115 569 4170 est.”
