2896 4888
626 449 697 524 181

144 657 167 689 e.
189 635 240 692 119
257 635 378 708 incipere
396 646 476 711 atque
495 653 600 706 regern,
628 634 671 687 cui
690 633 757 686 lovis
775 633 917 688 Somnium
937 634 1074 703 pictoriam
1092 638 1196 710 promi-

143 735 227 790 serat,
253 725 332 780 talem
352 725 434 795 patris
452 725 565 777 deorum
585 722 806 796 vituperationem
826 735 860 777 'ne
878 723 1003 778 simulare
1022 724 1130 797 quidem
1149 726 1194 780 de-

144 813 211 866 bere'
226 831 346 868 censens.
384 813 435 880 At,
462 833 495 866 ne
514 811 635 884 luppiter
652 811 703 865 lmo
721 811 843 866 simulata
861 813 1074 884 Agamemnonis
1092 815 1195 887 uitupe-

142 903 248 956 ratione
265 901 432 968 laederetur,
457 901 591 954 llomerus
614 919 669 952 non
698 901 808 955 curarit.
853 905 882 967 I,
903 902 936 957 l'l
953 921 1022 974 sqq,
1051 902 1098 955 ubi
1124 913 1195 956 totus

142 989 220 1044 locus
237 989 368 1057 recurrit,
394 989 564 1043 Zenodotum
585 1006 689 1056 versus,
718 988 764 1062 qui
789 988 833 1044 lsic
857 1009 880 1044 r.
897 990 1041 1046 llll-118
1057 989 1195 1062 leguntur,

143 1077 252 1132 eiecisse
270 1095 351 1149 supra
370 1077 491 1131 diximus.
954 1145 957 1157 Ι

196 1169 236 1234 B,
257 1164 397 1222 156-169
416 1165 585 1232 zenodotus,
605 1165 759 1220 Aristonico
777 1175 857 1231 teste,
875 1165 909 1218 ita
929 1166 1072 1220 contraxit:

311 1258 346 1306 Ei
362 1252 400 1324 μή
418 1239 549 1323 Ἀθηναίη
568 1255 692 1312 λαοσσόος
710 1241 776 1324 ἦλθ’
793 1251 840 1305 ‹r'rs'
857 1250 1006 1314 Ὀλύμπου·

310 1327 382 1412 stipes
400 1338 479 1394 ἔπειτ’
496 1339 630 1413 Ὀδυσῆα,
647 1343 695 1395 Διῒ
708 1345 787 1412 μῆτίν
805 1334 966 1406 α’τᾶλανυον,

143 1429 260 1482 versibus
273 1429 414 1486 157-168
427 1430 517 1484 eiectis
528 1442 554 1484 et
566 1449 641 1484 versu
658 1428 708 1486 156
728 1430 874 1482 immutato:
910 1430 944 1483 At
956 1428 1079 1501 legimus,
1098 1427 1193 1484 eodem

142 1517 298 1572 Aristonico
316 1529 389 1585 teste,
407 1517 578 1572 Zeuoddtnm
597 1538 621 1572 v.
636 1515 685 1573 161
697 1517 831 1589 scripsisse
848 1515 968 1588 Ἀργείην
986 1515 1016 1570 θ’
1033 1513 1142 1586 Ἑλένην,
1162 1527 1192 1571 ut

142 1605 261 1670 mittam,
290 1605 363 1678 quod
382 1602 526 1660 Barnesius
552 1606 586 1658 de
610 1625 635 1658 e.
656 1603 709 1661 168
729 1605 812 1658 tradit¹
832 1605 882 1675 (cl.
905 1622 986 1678 supra
1017 1625 1040 1660 e.
1065 1605 1129 1674 Vll)
1143 1605 1191 1672 10).

140 1691 212 1746 llinc
229 1692 427 1762 Aristonicum,
455 1711 525 1765 quae
542 1692 576 1745 de
593 1692 644 1746 liae
662 1689 787 1762 siderion
805 1693 881 1766 legit,
905 1713 960 1748 non
979 1693 1040 1748 satis
1058 1704 1130 1748 recte
1149 1693 1193 1746 in·

141 1779 268 1834 tellexisse
287 1791 367 1852 patet.
403 1780 573 1847 zenodotus,
593 1780 639 1852 qui
661 1799 751 1836 sersus
762 1779 903 1837 166-168
920 1781 1073 1854 reliquerat,
1092 1790 1192 1853 postea,

141 1885 227 1938 quum
246 1867 336 1921 denuo
355 1867 463 1922 iliadem
490 1879 678 1940 pertractaret,
706 1869 735 1922 in
764 1867 804 1923 his
828 1870 946 1922 versibus
963 1868 1090 1937 haerens,
1118 1869 1191 1941 quod

139 1957 235 2011 iisdem
261 1957 361 2022 verbis,
390 1958 488 2029 quibus
512 1960 579 2011 luno
607 1957 771 2024 Minervam,
797 1958 865 2012 liaeo
881 1957 985 2011 Ulixem
1009 1956 1193 2029 alloqueretur

140 2057 222 2117 atque
238 2043 319 2112 illud,
339 2046 411 2116 quod
432 2046 500 2098 luno
520 2046 656 2100 Minervae
675 2045 841 2100 mandaverit
859 2048 895 2113 (v.
919 2044 968 2100 163
979 2049 1061 2116 sqq),
1083 2061 1137 2096 oon
1157 2042 1190 2096 ab

140 2133 191 2185 hnc
211 2131 285 2203 ipsa,
311 2130 356 2185 sed
380 2133 414 2186 ab
435 2131 511 2186 Ulixe
534 2133 609 2186 fieret
634 2136 681 2202 (en
706 2151 820 2187 acumen
839 2132 1077 2198 Zenodoteuml),
1103 2147 1191 2183 uersus

143 2219 287 2276 156-168
304 2218 384 2274 obelo
402 2220 517 2287 notarit,
534 2221 582 2275 illo
601 2241 690 2274 versu:
849 2216 852 2225 ¹

324 2311 358 2360 Ei
374 2306 411 2376 μή
432 2306 563 2378 Ἀθηναίη
582 2306 692 2368 letaniae
711 2298 775 2380 ἦλθ’
794 2305 839 2360 sin’
856 2305 1004 2373 Ὀλύμπου,

140 2394 284 2448 infeliciter
300 2394 372 2463 ficto,
392 2396 419 2448 in
439 2397 588 2468 marginem
608 2397 703 2469 posito.
739 2395 818 2466 Quae
837 2407 926 2450 nostra
945 2396 1098 2450 coniectura
1117 2403 1143 2449 et
1162 2413 1191 2447 re

139 2483 197 2556 ipsa
216 2494 242 2538 et
258 2484 304 2552 iis,
324 2503 393 2556 quae
410 2485 480 2539 inl'rs
501 2486 533 2539 de
550 2491 577 2554 β,
596 2486 649 2542 226
668 2507 726 2559 sqq.
750 2487 884 2552 dicemus,
902 2499 992 2559 'quam
1011 2487 1123 2540 maxime
1142 2485 1191 2539 ad-

139 2575 254 2626 iuvatur.
300 2573 467 2628 Aristonicus
484 2586 578 2640 contra
592 2573 763 2628 Zenodotum
781 2585 889 2642 mouet,
913 2574 1024 2628 lunonis
1041 2573 1190 2628 orationem

139 2662 173 2715 ab
193 2661 303 2714 Homeri
330 2679 406 2716 more
432 2683 487 2717 non
514 2663 655 2728 recedere:
683 2668 727 2716 sot
744 2659 795 2734 peip
821 2667 869 2733 σῆς
886 2665 1034 2726 ξιφουλκίας
1051 2665 1097 2729 (d,
1117 2661 1191 2726 tlt).

139 2749 228 2815 addit,
256 2744 324 2818 αὕτη
348 2747 499 2822 ἀφίστησιν·
527 2747 543 2822 q‘
569 2755 599 2805 dl
621 2749 725 2822 Ἀθηνᾶ
748 2747 874 2824 iuppiter
897 2750 964 2804 nessei
988 2746 1118 2821 διυφοριῖν
1141 2749 1190 2818 τῆς

138 2836 214 2897 ιῖξλας
231 2842 376 2907 τιμωμένης
393 2844 445 2890 τῶν
462 2837 613 2910 οροςολσων.
647 2840 830 2896 Aristarchum
849 2860 958 2914 quoque
975 2839 1086 2894 lunonis
1104 2839 1192 2894 orau'o

138 2926 268 2993 oll'endit,
288 2926 360 2980 unde
377 2947 467 2981 versus
487 2927 629 2986 160-162
648 2941 675 2984 et
696 2949 719 2984 ν.
741 2929 792 2986 161
810 2930 889 2984 obelo
908 2929 1021 2994 notarit,
1050 2945 1118 3001 quae
1135 2926 1190 2979 Μί-

138 3033 236 3070 nervae
263 3013 475 3069 adhortationem
503 3015 586 3070 Ulixis
608 3017 747 3082 decerent,
773 3017 885 3072 minime
903 3017 1015 3070 lunonis
1038 3017 1188 3070 orationem

137 3103 276 3156 Minervae
295 3103 402 3159 dictam.
438 3104 521 3173 Quod
539 3117 729 3178 argumentum
748 3125 829 3177 quam
847 3105 985 3158 infirmum
1009 3105 1056 3170 sit,
1085 3104 1122 3156 vis
1141 3115 1187 3172 est,

138 3193 213 3266 quod
232 3211 367 3246 moneam.
415 3193 505 3246 Verba
529 3191 657 3259 lunonis,
684 3193 782 3264 quibus
803 3191 954 3244 Minervam
980 3191 1121 3257 admonet,
1151 3191 1187 3245 ita

137 3293 294 3354 comparata
311 3292 386 3347 suut,
406 3289 435 3335 ut
453 3280 545 3352 paucis
562 3280 670 3334 mutatis
686 3279 820 3352 aptissime
837 3277 987 3336 aMioerra
1003 3277 1074 3331 Ulisi
1093 3276 1187 3337 dican·

137 3383 196 3433 tur,
227 3369 298 3424 unde
317 3369 462 3436 Homerus,
491 3369 538 3439 qui
555 3368 611 3422 sine
628 3367 696 3422 iusta
715 3386 794 3422 causa
812 3387 901 3422 versus
922 3385 981 3421 rent
1000 3367 1069 3422 beor
1085 3364 1187 3438 signifi-

137 3469 229 3513 cantes
248 3477 303 3510 non
323 3467 421 3522 mutat,
440 3475 471 3510 ea
490 3465 605 3528 utroque
623 3455 713 3528 posuit
731 3455 802 3510 loco.

190 3549 232 3612 B,
243 3545 387 3604 tto-224
405 3544 491 3611 eiecit,
511 3545 676 3600 mentionem
694 3544 878 3602 conviciorum
896 3541 1009 3604 antsbm
1031 3543 1058 3598 ln
1081 3542 1185 3604 Ullum

136 3803 214 3838 mans
231 3768 404 3838 Zenodolorn
423 3783 540 3838 versibus
560 3785 703 3842 tta—tou
726 3784 819 3840 excisis
833 3781 924 3841 locutu
946 3782 976 3838 lo
995 3782 1101 3836 hrerius
1119 3797 1186 3836 con-

135 3855 258 3921 traxisse,
277 3865 307 3910 ut
325 3866 383 3926 post
398 3874 420 3908 s.
443 3857 490 3910 111
501 3854 543 3923 (1)
561 3869 722 3929 sequeretur*
732 3877 759 3916 r,
775 3855 837 3914 tt9.

120 3965 124 3976 “
193 3961 239 4030 to)
257 3959 380 4032 Spitsner
403 3971 448 4012 aut
467 3959 557 4031 plnres
573 3961 653 4016 fuisse
671 3961 802 4015 Zenodoti
820 3959 948 4014 editiones
966 3956 1044 4024 dicit,
1070 3962 1116 4008 aut
1134 3951 1187 4006 Ze·

135 4033 268 4088 nodotum
287 4031 325 4084 his
343 4031 461 4084 versibus
478 4033 586 4087 obelum
612 4033 760 4105 applosisse
785 4033 901 4087 coniicit.
946 4027 1022 4082 llaud
1047 4025 1186 4097 probabile

136 4117 184 4174 est,
204 4103 275 4178 qnod
289 4103 415 4176 suspicari
436 4105 533 4172 possis,
551 4105 633 4172 illud,
653 4106 729 4180 q-ood'
744 4104 777 4157 de
795 4103 927 4176 scriptura
946 4119 1034 4152 versus
1053 4098 1100 4153 161
1122 4115 1186 4151 oar·

136 4189 228 4243 ratur,
257 4193 366 4228 eversu
387 4176 438 4229 ΓΠ
461 4193 516 4228 esse
535 4175 666 4231 baustum.
703 4175 822 4250 lleynius
839 4173 892 4242 (lV
909 4170 1039 4300 εέλῖἂ),
1059 4168 1186 4222 Villoiso-

136 4251 216 4304 niana
226 4246 398 4304 Scholiorum
409 4245 525 4302 editione
534 4248 670 4322 deceptus,
680 4247 850 4304 Zenodotum
860 4265 882 4300 r.
893 4245 905 4302 1
956 4241 1092 4314 reliquisse
1102 4250 1185 4313 putat.
