2896 4888
733 424 807 528 ια)

312 614 349 674 0,
365 611 508 670 610-614
528 621 599 665 recte
618 610 773 666 Zenodotns
790 609 910 674 sustulit,
939 626 1020 681 quam
1044 620 1149 682 praeter
1163 609 1312 682 dictionem

257 700 290 753 ab
310 699 427 754 llomero
443 699 631 758 abhorrentem
646 701 761 773 satisque
773 700 890 752 ieiunam
906 698 931 751 id
951 697 1085 769 impulisse
1105 697 1214 762 videtur,
1235 699 1312 769 quod

257 786 295 840 illi
324 805 412 839 versus
436 785 479 840 hic
503 787 592 858 inepte
617 787 776 842 inferantur.
829 785 873 840 Cl'.
899 807 921 852 o,
941 785 994 840 647
1012 806 1051 858 sq.
1080 809 1106 853 y,
1125 786 1186 842 337.
1204 786 1268 841 420.
1288 785 1313 850 ζ,

256 873 310 930 469
328 893 368 945 sq.
419 873 583 952 Aristarchus
610 876 716 928 eosdem
736 894 826 929 versus
852 873 1022 945 proscripsit,
1051 875 1131 926 cuius
1149 883 1312 943 argumenta

258 959 314 1013 ride
331 961 359 1013 in
378 959 500 1014 Scholiis.
548 961 623 1016 Adde
642 962 776 1032 lleynium
797 963 845 1016 Vll
865 981 891 1034 p.
911 961 977 1028 100,
997 961 1167 1033 Spitrnerum
1186 972 1213 1014 et
1232 959 1312 1032 Gep-

257 1057 363 1118 pertum
382 1047 393 1099 l
413 1069 439 1119 p.
458 1047 503 1103 20.

310 1137 352 1200 Π,
374 1135 527 1202 141-144,
547 1136 594 1208 qni
613 1155 734 1190 versure
752 1157 778 1201 r,
797 1135 851 1192 388
867 1157 925 1209 sqq.
945 1136 1016 1190 male
1034 1136 1087 1190 huc
1106 1136 1224 1190 translati
1244 1136 1308 1200 sint,

256 1222 367 1276 sustulit.
413 1224 447 1277 At
466 1236 538 1278 recte
563 1236 641 1296 poeta
661 1226 704 1278 hic
722 1223 830 1279 Achillis
856 1224 956 1278 hastam
981 1225 1090 1278 uberius
1109 1225 1250 1290 describit,
1280 1221 1312 1277 u't

256 1309 340 1380 ipsius
359 1309 486 1378 Achillis,
506 1311 553 1383 qui
571 1311 726 1366 Patroclum
746 1311 772 1364 in
793 1327 912 1383 pugnam
933 1312 1028 1380 mittit,
1053 1311 1196 1382 imaginem
1216 1311 1311 1382 splen-

257 1396 389 1471 didiorem
408 1399 509 1453 reddat.
545 1398 665 1471 lleynius
683 1399 744 1466 (Vll
764 1420 789 1470 p.
809 1400 876 1468 165)
902 1421 927 1455 v.
949 1400 996 1454 141
1017 1419 1061 1472 sq.¹
1081 1400 1191 1453 fortasse
1209 1401 1310 1452 serrari

257 1504 348 1557 porse,
375 1474 395 1539 i.
415 1486 465 1544 143
483 1507 523 1560 sq.
553 1499 641 1542 autem
670 1490 727 1542 sine
753 1489 835 1543 dubio
862 1487 1053 1542 rescindendos
1080 1505 1136 1540 esse
1160 1487 1310 1541 contendit:

256 1579 291 1627 At
309 1573 335 1626 hi
354 1593 442 1628 sersus
461 1595 523 1629 cum
541 1577 592 1630 illis
610 1578 645 1630 ita
669 1577 807 1631 coniuncti
825 1587 887 1630 sunt
906 1586 932 1630 et
950 1575 1157 1646 descriptionem
1176 1573 1266 1626 hastae
1280 1571 1311 1625 in

257 1673 349 1717 monto
367 1663 442 1717 Pelio
461 1675 537 1717 natae
555 1665 649 1738 (offic,
668 1666 732 1734 235)
752 1664 865 1737 expient,
884 1675 913 1718 ut
931 1663 1049 1734 separari
1069 1672 1211 1734 nequeant.

308 1753 352 1816 Π,
372 1749 425 1806 267
444 1769 499 1805 non
516 1764 588 1806 recte
606 1753 709 1807 sustulit
726 1753 895 1819 Zenodotus,
923 1751 1136 1823 proscripserunt
1153 1747 1312 1820 Aristopha-

257 1853 304 1888 nes
322 1848 349 1890 et
369 1837 533 1892 Aristonicus
550 1858 671 1892 versum:

435 1923 552 1996 Τιμήαας
570 1930 616 1988 pls
634 1931 693 1992 tut,
711 1929 777 1992 μέγα
794 1925 820 1979 d'
837 1929 900 1989 luno
919 1923 983 1978 iude
1000 1923 1125 1992 Ἀχαιῶν,

257 2029 338 2082 quem
357 2011 449 2066 eloco
468 2033 494 2080 o,
513 2015 566 2068 454
584 2015 673 2086 inepte
692 2013 744 2068 huc
763 2015 920 2070 translatum
940 2025 1084 2086 putarunt,
1112 2031 1196 2086 quum
1217 2013 1311 2066 Achil-

257 2099 294 2152 les
313 2099 400 2154 lovem
419 2119 474 2154 non
500 2112 624 2173 precatus
641 2101 726 2169 esset,
750 2113 778 2156 ut
797 2103 884 2174 ipsum
911 2103 1084 2156 ulcisceretur
1094 2102 1143 2170 ⁹⁶).
1197 2108 1231 2156 At
1258 2101 1310 2154 hae

257 2186 435 2259 precessore*
452 2188 485 2242 τό
503 2191 664 2254 σιωπώμενον
683 2191 729 2258 (el.
749 2210 828 2264 supra
849 2192 881 2244 ad
902 2212 926 2260 ρ,
945 2190 1012 2260 456)
1030 2191 1236 2261 intelligendae,
1268 2205 1310 2244 at·

258 2296 311 2348 que
326 2289 402 2332 recte
420 2277 504 2346 uuus,
528 2292 658 2352 quantum
678 2281 775 2346 sciam,
799 2279 987 2332 Lachmannus
1005 2280 1042 2346 (ll
1059 2300 1088 2350 p.
1107 2279 1156 2348 25)
1172 2279 1206 2332 ad
1226 2299 1251 2345 o,
1272 2280 1308 2334 '14

256 2385 296 2437 sq.
315 2369 483 2436 provocarit,
511 2371 557 2423 uhi
582 2368 673 2421 Thetis
693 2366 786 2422 Achilli
814 2368 898 2434 dicit,
923 2368 1014 2420 omnia
1042 2369 1129 2420 lovem
1154 2369 1309 2440 perfecisse,

257 2449 290 2512 oie
309 2451 361 2524 tipo
379 2453 414 2528 dp*
433 2462 494 2526 πρὶν
511 2455 592 2524 εὔχεο,
608 2470 699 2526 χεῖρας
718 2451 851 2523 diuoluit,
871 2457 916 2508 ubi
935 2455 1027 2512 Schol.
1045 2455 1082 2508 B:
1114 2451 1197 2509 Karai
1214 2455 1246 2509 cd
1266 2461 1308 2509 le·

256 2539 558 2615 ληθῦς,ἢ1αει’φησι,
583 2541 692 2597 nolloi
710 2547 745 2595 di
769 2549 875 2613 μητρὶ
893 2546 976 2615 φίλῃ
1002 2543 1157 2615 ἠρήσατο
1175 2548 1214 2611 (α,
1233 2544 1309 2612 393).

255 2630 376 2686 Priorem
397 2633 599 2704 explicationem
619 2643 709 2685 nostro
728 2632 789 2684 loco
802 2623 983 2702 grammaticis
1001 2651 1055 2686 noo
1069 2632 1168 2684 senisse
1186 2632 1214 2684 iu
1228 2651 1310 2684 men-

256 2729 309 2771 tem
329 2731 374 2773 aut
391 2719 470 2774 hodie
498 2733 570 2774 certe
589 2739 644 2773 non
664 2720 871 2774 commemorari
890 2719 1002 2777 mireris.
1051 2722 1149 2774 Versus
1168 2719 1221 2776 237
1242 2739 1309 2774 vero

256 2807 419 2860 necessarius
437 2807 552 2872 ridetur,
583 2827 667 2879 quum
689 2809 802 2862 Achilles
823 2807 953 2862 hocloco
979 2809 1045 2862 loris
1062 2809 1204 2873 ultionem,
1228 2809 1309 2861 clade

255 2893 366 2947 Graecis
383 2895 498 2950 immissa
517 2897 566 2948 sibi
586 2908 777 2968 comparatam,
797 2912 851 2950 non
869 2916 1082 2951 commemorare
1100 2917 1156 2950 non
1175 2910 1269 2966 posset.

307 2981 452 3052 Dialogum
474 2983 538 3036 loris
562 2994 587 3039 et
612 2987 736 3054 lunonis,
765 3007 792 3047 π,
811 2985 972 3052 ddi-461,
992 3005 1073 3058 qoem
1092 2985 1197 3039 Platoni
1224 2986 1311 3038 iono-

255 3067 334 3123 tuisse
351 3071 467 3124 ostendit
486 3071 560 3125 locus
579 3073 645 3145 Rep.
665 3073 698 3125 lll
719 3095 745 3146 p.
765 3073 834 3140 388,
853 3075 1009 3128 Zenodotus
1028 3073 1120 3139 eiecit,
1147 3075 1220 3146 quod
1240 3075 1309 3146 lup-

255 3159 340 3230 piter,
371 3160 463 3230 quiin
484 3160 528 3214 lda
548 3174 728 3230 remanserat,
752 3173 783 3216 ‘et
801 3163 882 3229 luno,
903 3164 1017 3236 quaein
1037 3163 1188 3237 Olympum
1208 3164 1309 3217 disces-

255 3259 340 3314 serat,
369 3249 439 3303 inter
462 3267 489 3302 se
515 3249 633 3322 colloqui
654 3271 709 3304 non
725 3261 841 3322 possent.
879 3251 914 3304 At
930 3263 1002 3305 recte
1023 3253 1188 3308 Aristonicus
1206 3251 1310 3317 (Schol.

255 3355 278 3400 o,
300 3334 361 3390 432.
380 3334 448 3406 666)
471 3348 576 3404 monet,
604 3331 645 3390 lsi
669 3335 752 3389 molid
779 3336 847 3390 nurci
874 3344 1047 3408 συμπέρασμα
1073 3345 1140 3408 λέγει
1163 3337 1309 3410 ὅποιητής

256 3429 422 3486 σιωπωμὲνως
445 3423 568 3492 γεγονότα
582 3427 629 3498 ²⁶).
676 3426 851 3498 Quamquam
876 3426 1009 3483 Zenodoti
1036 3439 1225 3500 argumentum
1250 3433 1331 3482 non'

305 3639 354 3702 25)
375 3639 541 3715 Aristonicus
560 3667 587 3713 rr,
606 3647 674 3705 236:
692 3647 729 3701 ‘H
743 3648 834 3718 rastri,
853 3641 894 3702 h'rs
915 3645 946 3699 ori
959 3652 1166 3716 nooours'ocorm
1181 3652 1239 3716 nupt
1258 3651 1309 3716 τῆς

256 3718 307 3762 τῶν
325 3707 436 3775 Ἀχαιῶν
455 3717 588 3774 κακώσεως
612 3717 761 3784 εὐχόμενος,
790 3719 850 3772 aridi
877 3717 935 3772 κατ’
958 3717 1035 3789 ειῗχήν
1053 3719 1206 3787 τετίμήται,
1237 3715 1309 3769 tilla*

255 3780 301 3834 dul
319 3785 368 3850 τῆς
387 3785 496 3843 Θέτιδος
515 3785 598 3845 λιτάς.
634 3791 678 3843 Cl.
699 3793 815 3844 eundem
834 3813 860 3857 a,
873 3791 937 3846 454.
975 3789 1066 3844 Schol.
1085 3788 1115 3852 B,
1134 3807 1238 3842 versum
1258 3791 1309 3841 de-

256 3855 379 3906 sffld0¹¹⁸²
407 3851 459 3922 T'l'
478 3853 529 3908 “¹²¹3
547 3863 595 3927 τῆς
613 3858 712 3929 nmquis
730 3868 818 3934 dipem
837 3865 930 3915 ἑαυτοῦ
954 3859 1030 3927 ειῗχὴν
1055 3859 1196 3922 νενόμικεν·
1223 3856 1308 3929 ἇγὰρ

255 3923 305 3995 τήν
323 3927 400 3980 Θέτιν
418 3923 490 3996 αὐτῷ
509 3926 577 3988 (ivelc
596 3930 731 4000 Ἀχιλλεύς
751 3935 794 4001 ἦν,
817 3940 861 3986 sni
880 3939 915 3992 cic
934 3929 1015 3985 odedi
1035 3931 1125 3998 ἄγεται
1143 3927 1159 4000 ι)
1178 3927 1249 4000 erigii.

305 3996 355 4066 26)
374 3999 473 4052 Versus
492 4020 519 4064 π,
538 4002 694 4060 4-11-443
721 4007 833 4058 redeunt
851 4028 878 4071 χ,
900 4005 1037 4060 itti-181
1060 4013 1085 4056 et
1103 4025 1130 4068 a,
1149 4002 1201 4056 454
1213 4031 1239 4044 ·-
1252 4003 1306 4056 457

256 4088 283 4131 ⁷12
302 4065 452 4124 671-675.
475 4068 625 4138 681-683,
645 4075 717 4146 quod
736 4077 905 4129 Zenodotum
926 4077 952 4127 in
973 4087 1029 4130 toto
1048 4074 1108 4127 loco
1128 4073 1248 4126 tollendo
1269 4077 1308 4125 vi·

256 4138 333 4190 detur
352 4139 532 4198 confirmasse.
577 4145 703 4200 Ceterum
723 4147 846 4215 Spitiner
863 4147 909 4212 (111
937 4167 962 4216 p.
983 4145 1047 4210 342)
1067 4165 1121 4198 non
1142 4155 1213 4197 recte
1233 4144 1307 4210 dicit,

255 4207 437 4266 Aristarchum
456 4216 574 4272 statuisse
594 4218 680 4272 lovem
701 4218 858 4272 iamdudum
878 4220 904 4271 in
917 4217 1067 4291 Olympum
1086 4235 1141 4270 esse
1161 4235 1306 4283 reuersum,
