2880 4888
653 385 704 462 25

160 593 245 633 unum
264 575 436 650 eundemque
450 573 586 646 bominem
604 571 689 628 tribua
707 572 929 645 cognominibus,
955 569 969 626 i
988 575 1014 626 1ν
1032 569 1112 638 «iores,
1132 573 1211 626 trat-

162 665 246 738 ιόνης
264 677 291 721 et
308 661 488 736 Κρατήτειος,
513 663 624 727 donant,
664 661 762 715 Suidas
779 660 892 716 alterum
911 659 1079 716 Zenodotum
1099 660 1215 716 Alexan-

161 756 250 822 driae,
277 765 307 808 ut
330 754 447 825 primum
466 751 576 805 liomeri
600 746 753 820 διορθοτῆν
770 747 881 822 preai,
907 760 999 803 natum
1017 750 1098 815 dicit,
1124 768 1213 820 neque
1243 811 1252 820 Ι

160 843 246 898 ιιΙΙιιιιι
271 841 371 895 adferri
397 830 495 912 poterit
519 848 723 910 argumentum,
755 853 806 892 cur
831 835 881 891 boc
904 837 1004 892 Suidae
1031 836 1211 906 testimonium

160 929 356 983 addubitemus.
391 926 421 980 Si
440 926 523 998 igitur
541 924 670 978 Malloten
687 923 805 977 eundem
824 940 916 979 censes
932 924 1085 990 bominem,
1111 923 1162 978 boc
1179 923 1215 976 il·

160 1016 213 1070 lius
229 1015 394 1087 grammatici
412 1029 565 1086 cognomen
584 1013 701 1067 babebis.
736 1011 883 1081 Quomodo
903 1031 965 1066 vero
977 1012 1087 1086 cogitari
1107 1012 1213 1084 poterit,

160 1104 277 1158 eundem
296 1102 501 1175 grammaticum
522 1101 577 1156 duo
594 1102 758 1174 cognomina
775 1102 825 1157 sibi
843 1103 1038 1174 repugnantia,
1066 1097 1080 1152 i
1097 1105 1124 1153 ιν
1139 1097 1213 1154 ἄστει

160 1201 188 1244 et
206 1188 376 1260 Μολιόνης,
394 1187 536 1243 babuisse?
570 1189 688 1243 Putasne
705 1188 779 1244 bunc
797 1191 915 1263 primum
934 1189 1092 1246 Alexandria
1111 1189 1212 1261 Perga-

160 1295 236 1330 mum
255 1278 392 1349 migrasse,
410 1277 474 1330 inde
491 1275 681 1330 Alexandriam
700 1277 809 1331 rediisse
827 1289 925 1354 ettam
944 1288 1099 1332 constanter
1117 1279 1146 1332 in
1162 1277 1213 1332 bac

160 1367 229 1420 urbe
247 1364 411 1421 domicilium
430 1364 528 1430 finisse,
552 1376 581 1419 ιιι
604 1364 667 1418 inde
687 1360 744 1418 ὄιν
767 1362 1014 1421 interdiceretur?
1043 1367 1097 1420 Sed
1121 1385 1156 1419 ne
1173 1365 1213 1420 sic

160 1454 270 1524 quidem
294 1469 446 1525 cognomen
464 1451 590 1508 Mallctae
615 1463 688 1508 recte
712 1452 890 1525 explicaveris.
937 1453 1048 1508 Praeter
1066 1452 1211 1524 Ephesium

160 1542 230 1600 daos
246 1553 277 1596 ut
293 1537 489 1613 distinguamus
506 1539 675 1605 Zenodotoa,
695 1542 785 1594 omnia
802 1541 923 1604 suadent,
944 1541 991 1612 qui
1007 1560 1023 1593 a
1042 1541 1126 1613 patria
1146 1540 1214 1592 arbe

160 1629 357 1684 Alexandrinus
374 1641 402 1684 ct
420 1629 543 1683 Mallotes
560 1628 638 1694 dicti,
664 1627 707 1682 bic
729 1643 744 1681 a
764 1626 878 1682 Cratetis
895 1627 998 1696 ecbola,
1027 1628 1071 1683 cai
1089 1627 1214 1696 adhaesit,

122 1703 124 1710 ,
161 1716 317 1784 Crateteus,
336 1715 409 1772 iller⁸
429 1723 456 1771 ts
473 1715 546 1770 drea
562 1715 815 1788 cognominabatur.

215 1807 271 1860 lam
290 1823 355 1860 vero
370 1805 404 1860 ad
422 1806 505 1860 libros
523 1805 703 1860 Alexandrino
720 1805 860 1860 Zenodato
884 1803 1001 1858 aSuida
1026 1804 1140 1876 ascripta
1166 1820 1211 1858 ac·

160 1895 302 1961 cedamus,
321 1913 375 1949 non
393 1894 451 1949 sine
468 1895 651 1963 dubitatione,
671 1911 755 1966 quum
773 1893 886 1947 Snidam
903 1893 931 1946 in
949 1893 1043 1959 libris,
1062 1896 1130 1964 quos
1146 1891 1213 1945 scri·-

159 1984 283 2056 ptoribus
303 1983 509 2056 cognominibus
531 1983 638 2048 tribuit,
669 1982 703 2035 ad
729 1993 852 2036 auctoru
879 1989 941 2036 satos
965 1980 1112 2034 reserandis
1134 1999 1213 2052 saepe

160 2071 298 2124 aberrasse
316 2055 454 2135 sciamus,
471 2087 601 2141 errorque
619 2069 662 2124 bic
680 2087 712 2122 eo
731 2070 781 2122 luit
799 2068 918 2137 facilior,
943 2067 1016 2138 quad
1035 2069 1142 2123 tertium
1159 2067 1213 2122 Za-

160 2159 308 2226 nodotum,
325 2158 455 2212 Malloten
474 2157 551 2223 dico,
572 2156 651 2227 plane
670 2157 805 2209 omiserat.

216 2246 328 2298 Libram
345 2242 411 2314 ιιρδς
429 2241 465 2296 ru*
488 2239 533 2295 ὑπ’
549 2241 723 2312 Ἀριστάρχου
748 2236 913 2304 domarim
940 2240 1108 2295 raridmiliua
1132 2241 1213 2296 disci-

160 2331 228 2403 pulo
246 2311 353 2385 schalae
370 2329 517 2396 Crateteaa,
535 2349 616 2402 quam
636 2329 816 2385 Alexandrino
833 2329 948 2398 tribuae,
968 2345 1131 2402 quamquam
1150 2329 1214 2382 Ale·

162 2419 306 2472 aandrinos
326 2435 435 2490 quoque
454 2420 642 2490 grammaticos
653 2431 746 2474 contra
761 2417 945 2474 Aristarchum
957 2418 1091 2490 scripsisse
1109 2417 1214 2474 scimus.

162 2505 205 2560 Cf.
223 2504 340 2559 Wolfius
357 2505 481 2578 Prolegg.
499 2527 526 2579 p.
545 2506 650 2560 CCLlll
668 2527 708 2580 sq.
725 2506 907 2563 Graelenlaaa.
925 2505 948 2560 11
968 2525 995 2578 p.
1016 2507 1075 2564 118.

216 2591 273 2646 Cur
291 2592 390 2647 librum
410 2605 503 2648 contra
522 2595 663 2650 Platonem
684 2601 742 2666 ιιιρι1
760 2602 829 2650 θεῶν
845 2595 1027 2652 Alexandrino
1044 2597 1214 2669 derogemus,

161 2681 270 2736 nullam‘
284 2681 358 2736 videa
373 2701 490 2738 causam.
527 2682 642 2739 Gravior
660 2685 693 2738 de
712 2683 760 2738 illo
777 2689 837 2755 κιρι
854 2687 902 2754 τῆς
916 2678 1060 2755 Ὁμηρικῆς
1074 2691 1215 2754 congcstae

160 2770 248 2824 oritur
266 2771 402 2842 quaestio,
427 2787 512 2844 quam
530 2771 575 2827 bic
593 2790 648 2826 noa
668 2771 977 2839 Malloteszenadotus,
995 2773 1040 2827 sed
1058 2774 1215 2829 zenodorus

116 2919 122 2924 ¹
163 2858 271 2931 quidam
291 2859 318 2912 in
338 2878 447 2913 censum
467 2861 563 2916 veniat.
598 2861 629 2916 ln
647 2861 738 2916 Schol.
757 2861 815 2929 Br,
834 2857 1035 2934 356'legimuss
1053 2867 1215 2936 Πορφυρίοιι.

162 2944 307 3018 Ζηνοδόρρι
326 2951 365 3018 τῷ
381 2946 563 3020 συγγράψαντι
584 2954 644 3022 περὶ
664 2953 713 3018 τῆς
724 2945 846 3020 Ὁμήρου
865 2957 1007 3020 συνηθείας
1026 2948 1062 3004 rei
1084 2955 1148 3004 dina
1171 2957 1214 3016 βο-

161 3037 225 3100 βλια
242 3041 436 3108 συγγίγριιιιτιιι
458 3041 504 3090 aui
528 3043 587 3108 πιρ1
613 3036 711 3090 τούτου
735 3040 785 3089 τοῦ
807 3037 906 3090 τόπου·
936 3041 963 3090 ιν
988 3023 1009 3108 ᾧ
1028 3035 1213 3108 συγγράμματι

161 3126 284 3193 πειρᾶται
301 3122 484 3178 ιῖιιοδιιιινύνιιι
508 3128 719 3188 διισιιιυιισιιινον
745 3127 838 3178 τοῦτον
861 3122 907 3177 rie
929 3125 1010 3178 τόπον
1034 3129 1101 3178 tuor
1119 3125 1160 3190 ιγ’.
1178 3153 1214 3166 -·

161 3216 249 3266 ταῦτα
267 3210 302 3273 tic
324 3218 351 3266 ir
374 3216 503 3283 κεφαλαίῳ
533 3211 585 3266 sind
604 3214 759 3284 Ζηνοδώρου
784 3216 994 3282 nostrarum·
1020 3210 1214 3282 ἀφαιρουμένων

161 3302 191 3354 di
210 3306 261 3356 νῦν
280 3302 313 3368 ιγ’
330 3307 426 3366 oritur
443 3297 474 3353 ri
494 3299 584 3354 laands
601 3297 728 3372 ἁρμονιαν
742 3300 805 3367 ι’χιι.
850 3301 882 3354 ln
901 3299 993 3358 codice
1014 3301 1137 3355 Leidensi
1161 3301 1214 3355 ini-

162 3390 199 3444 tio
217 3389 318 3444 Scholii
337 3385 494 3460 Ζηνοδόιρι,
517 3391 545 3444 in
562 3388 616 3443 fine
634 3388 759 3459 ζηνοδιιρ.
785 3388 837 3460 legi
856 3385 1048 3442 Valckenarius
1063 3389 1110 3458 (de
1129 3388 1212 3445 Sebo-

160 3477 204 3532 liis
228 3478 256 3532 in
274 3477 423 3531 Homerum
448 3477 555 3532 ineditis
580 3497 606 3550 ρ.
627 3477 688 3534 137.
716 3476 782 3544 139)
809 3487 932 3544 testatur,
957 3473 1029 3530 unde
1045 3477 1213 3534 Zeao'dotum

162 3575 253 3621 nostro
269 3566 331 3620 laco
345 3566 537 3620 restituendum
552 3587 607 3622 esse
625 3567 779 3622 iudicarunt
792 3565 902 3620 Villoisa
913 3565 1051 3639 (Prolegg.
1069 3589 1094 3640 p.
1107 3569 1213 3640 xxm),

162 3655 196 3708 de
215 3653 330 3726 Ephesio
349 3655 485 3726 cogitans,
504 3655 632 3728 *lleynlus
650 3655 715 3724 (Vll
740 3677 766 3727 p.
786 3653 839 3711 485
857 3657 912 3728 sq.)
937 3667 964 3710 et
981 3656 1147 3712 Muataellius
1169 3661 1213 3732 (p.

161 3743 239 3812 282).
276 3742 318 3798 Cl.
336 3742 517 3798 Graelenban.
536 3742 546 3796 l
567 3765 593 3817 ρ.
606 3745 669 3800 503.
703 3744 786 3812 Quod
806 3755 837 3797 ut
850 3743 1023 3801 confirmaret
1037 3746 1211 3810 Muetaalliua,

163 3843 267 3886 narrat:
292 3833 584 3900 „PraestatLeidensis
608 3833 689 3889 codes
706 3843 806 3900 aetate;
835 3834 954 3888 Venetus
978 3846 1067 3889 autern
1093 3853 1127 3888 ne
1151 3835 1213 3887 dili-

161 4055 290 4108 Malloten
308 4053 408 4107 dietam
430 4071 485 4106 esse
502 4051 672 4118 Cratetenm,
698 4063 729 4106 ut
745 4053 778 4105 ab
797 4009 913 4122 Enbesid
931 4061 957 4103 et
975 4045 1154 4102 Alexandrino
1171 4043 1213 4097 di-

161 4128 354 4198 stiogueretur,
382 4143 435 4178 non
461 4136 572 4195 esputo,
601 4143 685 4196 quum
713 4125 762 4194 ipsi
791 4121 991 4177 Graelenbanio
1018 4116 1213 4172 Alexandrinus

162 4200 233 4254 idem
251 4199 299 4265 sit,
318 4210 399 4269 atqua
416 4195 538 4249 Mallotes
555 4209 581 4250 et
599 4194 746 4250 Crateteua.
