2886 4890
644 399 718 478 137

154 587 245 643 Ceteri
263 585 315 642 οἵτε
334 597 361 644 et
378 584 469 647 ἄστεος
488 588 515 640 is
533 590 669 657 σφετέρου,
692 595 723 641 ut
740 585 873 658 significet
891 587 988 658 procul
1010 587 1045 640 ab
1070 589 1138 658 urbe
1150 609 1203 660 po-

151 676 230 744 rrio,
257 675 331 748 quod
355 695 385 730 ea
411 695 460 730 usu
477 674 623 730 Homerico
646 673 789 730 fierinon
803 693 892 748 >posse
923 693 1080 747 persuasum
1109 677 1203 734 babeo.

154 763 273 836 Heynius
291 761 382 824 dovere
400 765 427 816 is
446 767 569 834 oomtpou
589 763 701 830 retinet,
726 763 775 816 sed
794 764 818 816 oi
835 765 865 816 di
878 763 994 834 recipit,
1017 774 1048 817 ut
1064 777 1142 836 poeta
1161 765 1203 818 di-

154 861 208 915 ost,
236 851 387 923 oppidanos
412 851 510 922 partim
536 869 550 903 e
580 852 677 916 muris,
703 851 800 922 partim
829 851 897 904 urbe
920 865 1046 920 egressos·
1062 869 1202 922 pugnasse,

155 939 227 1010 quod
247 939 327 994 nimis
345 939 459 995 obscure
478 939 579 992 dictum
597 949 673 993 esset.
717 938 889 1008 Zenodotus,
915 939 989 1012 quod
1006 939 1107 993 invenit
1124 939 1151 992 in
1171 939 1205 992 ii·

154 1026 225 1094 hris,
244 1025 346 1081 dedisse
364 1025 476 1080 ridetur.
512 1031 565 1080 Aut
585 1024 679 1093 failor,
698 1037 744 1080 out
761 1026 837 1082 locus
856 1046 916 1080 vere
932 1027 1088 1094 restituitur,
1107 1027 1128 1082 si
1147 1045 1205 1082 me-

155 1133 218 1166 cum
237 1111 304 1167 ἂστυ
328 1117 534 1184 περὶσφὶτερον·
551 1113 661 1180 scribis,
689 1113 779 1184 quod,
808 1133 973 1186 quamquem
999 1135 1055 1170 non
1078 1117 1203 1182 refertur,

155 1203 208 1256 iem
227 1201 412 1260 Aristarchum
430 1200 587 1256 emendasse
604 1201 759 1273 suspieeris,
786 1201 837 1256 nisi
856 1199 946 1261 doceor
966 1207 994 1256 tn
1018 1207 1141 1273 σφετέρου
1160 1205 1204 1256 in-

155 1288 229 1342 vexit.
259 1285 346 1342 ’Ἀστυ
364 1296 426 1342 nori
443 1293 565 1358 σφετερσν
583 1308 598 1342 e
616 1309 649 1359 ρ,
667 1288 729 1346 287.
748 1289 802 1346 419
827 1289 896 1344 male
914 1288 968 1346 huc
982 1291 1139 1348 mandatum
1158 1304 1204 1347 est.

209 1381 244 1430 M
251 1415 258 1442 ‚
276 1377 330 1434 245
348 1397 389 1449 sq.
407 1376 576 1432 Zenodotuss

322 1467 403 1534 Εἴπερ
421 1459 473 1534 γάρ
492 1459 516 1515 τ’
533 1460 609 1516 ἄλλον
628 1483 657 1531 γε
674 1467 733 1534 περὶ
752 1463 913 1528 κτεινώμεθα
930 1463 1024 1526 πάντες

321 1557 410 1632 νῃυσὶν
428 1547 479 1604 eiss'
496 1548 632 1618 Ἀργείων,

155 1651 185 1694 ut
201 1644 276 1709 cept,
305 1639 422 1710 opinor,
447 1657 510 1694 cum
535 1643 625 1708 spectu
653 1637 790 1710 iungatur.
835 1639 934 1707 Error,
962 1641 1139 1698 eZeuodoto
1157 1653 1203 1696 eut

154 1737 319 1799 propagatus
335 1739 382 1782 eut
394 1728 523 1788 invectus,
540 1727 574 1782 eh
590 1726 769 1800 Aristophane
792 1739 838 1784 sut
852 1729 1006 1785 Aristarcho
1019 1731 1140 1786 sublatus
1155 1743 1202 1798 est,

153 1812 193 1868 in’
216 1835 231 1870 e
255 1815 331 1873 libris
350 1815 480 1872 restituto.
1083 1831 1086 1836 '

206 1906 247 1971 N,
265 1901 318 1959 546
339 1902 420 1974 (adde
439 1901 501 1960 548.
520 1923 544 1964 ν,
563 1901 628 1968 456)
646 1901 802 1958 Zenodotus
820 1922 901 1976 prave
918 1904 1083 1961 emendarit:

433 1993 458 2044 A
464 1988 495 2044 asi
516 1993 545 2044 di
564 1993 648 2056 φλέβα
665 1993 751 2044 πᾶσαν
769 1991 883 2062 ἔκερσεν,

153 2097 239 2152 quum
256 2080 325 2142 eliu
343 2095 399 2134 non
418 2078 634 2141 abscinderetur,
650 2078 696 2132 sed
714 2079 904 2145 dissereretur,
930 2100 1009 2134 usum
1029 2081 1205 2154 praepositio·

152 2168 195 2222 nis
211 2162 263 2220 (ἔπε’
282 2166 309 2242 iu
320 2167 482 2239 compositis
499 2187 556 2220 non
574 2167 636 2221 satis
652 2165 811 2236 intelligens.
853 2163 935 2235 ²Arro',
959 2187 1029 2239 quse
1052 2179 1203 2224 ceterorum

153 2267 193 2310 est
210 2254 357 2326 scriptura,
376 2254 525 2310 Aristotelis
543 2253 606 2309 loco
622 2254 655 2310 H.
673 2254 707 2310 A.
724 2254 769 2320 111,
787 2252 805 2312 3
827 2253 1060 2322 confirmatum).

205 2343 242 2410 Ξ,
260 2342 314 2400 236
332 2343 486 2412 zenodotus
512 2339 551 2400 ἐπ’
568 2340 690 2413 σ’φρύσνν,
715 2342 759 2421 ερά
785 2341 838 2396 iam
857 2331 1049 2413 Aristophanes
1071 2353 1143 2398 recte
1161 2337 1204 2396 ὕει’

152 2429 262 2504 «iporiam
280 2432 393 2488 restituit
406 2431 453 2499 ⁸⁰).
496 2429 540 2486 cf.
557 2453 581 2498 ν,
599 2429 644 2488 88.
660 2452 690 2497 o,
709 2429 771 2484 608.
788 2428 842 2488 Od.
861 2432 888 2496 d,
909 2429 968 2486 153.
987 2436 1019 2497 θ,
1033 2428 1077 2486 86.
1094 2427 1157 2486 531.
1175 2449 1203 2497 π,

118 2551 123 2560 ·
152 2517 214 2580 219.
249 2517 304 2574 ’Es'
323 2516 430 2590 ν’φριίσνν
448 2531 487 2577 est
505 2521 604 2574 circum
621 2519 767 2589 supercilio
785 2539 806 2582 ο,
819 2518 878 2574 102.
896 2537 926 2588 ψ,
943 2519 1012 2585 396)
1028 2520 1057 2574 in
1076 2520 1123 2574 itto
1142 2537 1204 2574 vero

151 2605 192 2661 ἐπ’
209 2605 318 2680 deprime
336 2609 408 2662 serior
426 2607 467 2676 (α,
483 2608 551 2676 528)
570 2610 611 2660 iret
628 2607 661 2660 ad
680 2609 751 2660 νεῦσε
764 2597 888 2679 pertinet.
925 2607 1080 2662 Zenodotus
1098 2605 1212 2662 intelle-⁸

152 2695 189 2750 sit
206 2697 235 2748 in
253 2695 339 2748 oculis
357 2696 451 2749 sedens
469 2696 560 2748 ocules
578 2697 651 2766 sopi,
670 2695 796 2763 minime,
821 2713 890 2767 quse
907 2695 1004 2767 Heynii
1023 2707 1080 2750 eret
1095 2707 1204 2750 senten-

118 2813 121 2820 ·
152 2786 188 2838 tia
208 2783 307 2856 (le.
327 2783 412 2854 576),
438 2789 603 2854 interlapsos
621 2784 772 2851 coniunxit,
802 2785 848 2838 uhi
867 2801 923 2843 non
942 2785 1035 2853 rideo,
1065 2783 1203 2857 quomodo

152 2871 271 2925 dativum
291 2867 398 2942 ὄφρύσνν
413 2872 602 2946 interpretatus
620 2872 661 2926 sit.
948 2885 950 2890 '

205 2960 243 3028 O,
263 2960 297 3018 79
315 2960 396 3032 (adde
416 2967 446 3026 o,
465 2961 526 3016 410.
545 2983 568 3028 o,
586 2959 651 3028 237)
670 2960 839 3017 Zenodotuss

322 3052 365 3120 Βῆ
383 3046 409 3104 δ’
426 3052 457 3108 ἐξ
475 3047 577 3103 Ἰδαίων
591 3046 670 3119 σ’ρέαν
687 3053 713 3108 ἔς
729 3046 830 3120 ponpis
842 3045 990 3112 Ὄλυμπον.

93 3143 95 3148 ’
151 3135 244 3208 Vulgo
261 3139 292 3190 di
310 3134 378 3192 κατ’.
415 3139 592 3194 Aristonicus:
611 3134 676 3190 Ἀπδ
693 3141 751 3192 ἴσον
769 3136 820 3208 γὰρ
834 3133 984 3192 ἰπὶτδῖσον
998 3139 1095 3198 δίοδος.
1131 3138 1204 3194 idem

151 3225 187 3292 2,
208 3222 275 3282 1961
299 3221 342 3278 ,Ἡ
363 3227 460 3295 διπλῆ,
484 3221 527 3278 ἀ’τν
550 3228 673 3295 θηλυκῶς
690 3223 847 3294 redemtos,
872 3231 917 3278 eni
941 3220 991 3278 irs⁴
1006 3228 1052 3278 νῦν
1074 3229 1204 3296 γραπτέον

152 3310 226 3365 κατ’
244 3310 382 3367 Ἰδαίων
406 3310 515 3384 ὀρέων·
541 3308 604 3369 ’ὅταν
627 3317 658 3366 δὲ
683 3310 735 3369 α’,ειδ
760 3311 899 3383 τῆςἼδρς
925 3313 968 3366 irai
990 3309 1037 3366 eds
1048 3309 1202 3376 Ὄλυμπον·

151 3403 195 3472 βῆ
213 3397 239 3454 δ’
257 3404 287 3460 ἐξ
306 3393 439 3454 'Idaion
462 3399 564 3472 dpiorr
590 3405 646 3454 tut
669 3397 1001 3470 μακρδνὌλυμπσν,
1033 3396 1067 3466 pir
1085 3397 1130 3454 ἀπ’
1147 3403 1203 3452 ’ν’σσυ

151 3487 192 3544 iu’
209 3493 272 3544 ἴσον.
309 3488 380 3544 Hine
397 3501 478 3562 patet,
496 3507 552 3544 non
570 3489 659 3546 solum
670 3489 849 3556 Zenodotum,
868 3486 1007 3545 sedetiam
1021 3486 1204 3544 Aristarchum

150 3577 192 3632 his
211 3577 296 3632 tribus
312 3576 377 3632 locis
394 3575 420 3631 δ’
436 3580 467 3642 ἔξ,
478 3577 585 3650 legisse,
615 3580 688 3651 quod
706 3598 796 3651 neque
813 3575 947 3650 Heynius,
976 3595 1064 3650 neque
1081 3576 1206 3649 Spitaner

151 3671 189 3734 θ,
207 3665 261 3722 410
278 3665 427 3738 perspexit,
455 3669 502 3738 qui
526 3666 595 3721 male
613 3668 755 3722 Zenodoto
780 3666 872 3721 tribuit
889 3651 1035 3722 Aristarchi
1059 3685 1205 3738 argumen-

156 3795 444 3808 —v--w—-r—-o—-u—u·

151 3848 296 3921 Spitznero
314 3858 428 3916 statues,
446 3851 562 3906 eundem
582 3871 632 3925 pro
652 3852 704 3908 οἵτε
722 3853 815 3926 legisse
833 3854 856 3906 oi
873 3854 912 3920 di,
931 3849 1003 3924 quod
1023 3849 1128 3922 Heynio
1145 3847 1204 3920 (Vll

152 3941 180 3993 p.
197 3920 251 3976 459
275 3921 330 3991 sq.)
347 3921 457 3992 placuit.

207 3991 255 4058 79)
277 3991 360 4060 Quod
379 3993 503 4064 Spitsner
519 3995 618 4064 statuit,
636 3995 807 4050 Zenodotum
825 3992 872 4047 dod
890 4004 1013 4056 mutasse,
1031 3993 1092 4062 quia
1112 4011 1135 4043 v.
1149 3990 1204 4046 558

149 4074 287 4129 recurrat,
306 4083 362 4116 non
383 4067 485 4136 probo;
510 4067 594 4120 immo
614 4089 668 4122 non
689 4069 777 4122 minus
795 4088 818 4122 ε.
835 4065 903 4133 548,
929 4083 1014 4137 quum
1042 4083 1064 4115 V·
1084 4060 1203 4118 5460311'

150 4135 306 4190 emendasse
326 4135 450 4190 criticum
469 4137 612 4208 Ephesium
633 4159 736 4194 censeo.

202 4205 262 4279 80)
275 4207 430 4264 Villoisonis
446 4228 566 4266 errorem
585 4213 637 4265 iam
648 4211 775 4282 =Heynius
790 4209 855 4280 (VH
874 4229 901 4280 p.
919 4205 985 4276 576)
1003 4204 1137 4260 iudicavit.
