2886 4890
734 1296 806 1370 lx.

463 1475 515 1534 uu
534 1470 733 1531 vuustuus
756 1433 1066 1530 unsusrostrtsss

657 1667 864 1678 W...-

286 1831 417 1904 Quinqne
435 1842 539 1886 tantum
557 1829 727 1883 Zenodoteae
752 1826 781 1880 in
799 1824 1007 1897 transponendis
1027 1826 1144 1880 versibus
1162 1825 1289 1884 licentiae

166 1913 170 1922 ⁸
234 1919 362 1973 babemus
381 1919 508 1991 exempla.

286 2007 325 2072 A,
346 2005 396 2062 123
414 2025 454 2078 sq.
473 2005 525 2060 boc
541 2003 624 2057 modo
643 2002 821 2073 transposuit:

322 2135 327 2142 .
403 2090 512 2163 ’Λεῖνεὶρ
531 2089 618 2161 loeson*
637 2093 787 2160 κυκλοτερὲς
804 2093 870 2155 μέγα
886 2088 960 2148 cibor
978 2088 1083 2156 ἴνοενεν,

414 2178 507 2250 νευηήν
525 2182 570 2244 μὶν
587 2178 660 2248 μαζῷ
679 2180 800 2243 utteris,
818 2178 885 2245 τόξῳ
903 2178 932 2229 tt
951 2172 1066 2247 ποδήρη,

233 2288 316 2341 quum
336 2270 414 2324 rerba
433 2272 583 2340 κυκλοτορὶς
601 2273 667 2334 μέγα
684 2267 757 2325 τόξον
775 2264 954 2318 trusis-mate
981 2265 1152 2339 intelligeret.
1197 2267 1285 2322 Recte

215 2397 217 2402 ·
233 2357 396 2414 Aristonicus
414 2358 497 2424 dicit,
515 2356 686 2412 Zenodotum
706 2374 761 2408 non
781 2354 889 2420 vidisse,
907 2347 949 2406 ‘o'rs
966 2351 1012 2408 δοοὲ
1029 2359 1080 2407 τῶν
1098 2360 1285 2425 παρεπομένων

231 2449 279 2499 τοῦ
298 2446 373 2498 ἕλκε
391 2442 417 2497 δ’
435 2441 519 2508 ἐμοῦ
538 2449 574 2510 (r.
594 2444 659 2512 122)
677 2446 722 2496 rui
743 2439 867 2512 νευρήν
889 2445 948 2504 μὲν
966 2441 1057 2513 μαζῷ
1082 2445 1225 2498 πέλασεν
1243 2445 1283 2514 (r.

234 2532 300 2602 123)
324 2539 473 2603 συνίστησιν
498 2527 547 2602 τήν
570 2532 672 2584 ἔντασιν
693 2535 875 2600 γεγενημένην,
900 2527 985 2586 ἔπειθ’
1006 2531 1063 2600 ὅξῆο
1089 2532 1167 2597 lires,
1191 2531 1284 2603 trata)

230 2618 341 2692 irerthq
360 2626 404 2674 καὶ
418 2619 568 2690 κυκλοτερὶς
580 2623 684 2685 iyirrro,
702 2615 834 2670 ἀπέστειλε
851 2615 882 2668 ἐδ
892 2617 976 2682 βέλος.
995 2615 1038 2670 Cf.
1052 2616 1106 2671 Otl·
1123 2637 1148 2690 ρ,
1159 2617 1212 2675 401)
1221 2637 1281 2692 sqq.

283 2708 453 2766 Aristarchus
469 2710 568 2762 librum
583 2718 706 2762 octavum
724 2706 825 2777 incepit
842 2725 856 2757 a
876 2725 969 2760 versut

378 2794 450 2856 Ἠοὶς
468 2801 515 2859 μὲν
531 2796 704 2867 κροκόπεπλος
721 2797 841 2848 trusam
860 2799 947 2847 πᾶσαν
964 2791 1003 2846 ἐπ’
1023 2787 1096 2858 οἷον,

229 2904 309 2956 quem
328 2884 495 2950 Zenodotus,
514 2896 543 2938 ut
560 2884 673 2936 deorum
692 2883 789 2937 concio
806 2901 932 2936 auroram
952 2881 1120 2935 antecederet
1136 2875 1212 2952 (airu
1230 2882 1282 2952 την

228 2977 281 3024 τῶν
299 2975 368 3023 θεῶν
385 2968 482 3044 tironis
498 2967 546 3034 o’ui
559 2973 705 3038 γενέσθαι),
725 2983 785 3043 post
804 2975 834 3037 θ,
853 2969 893 3026 52
907 2970 1003 3042 posuit,
1019 2987 1103 3042 quum
1116 2968 1183 3024 loris
1201 2988 1281 3023 com-

228 3058 449 3112 memorationem
468 3077 500 3128 η,
520 3057 660 3115 178-181
688 3072 762 3136 arcte
785 3077 848 3112 curu
874 3057 986 3126 deorum
1011 3056 1143 3110 concione
1161 3057 1281 3112 coniun-

228 3145 343 3215 gendam
363 3165 417 3202 esse
430 3147 619 3214 arbitraretur,
638 3146 711 3204 unde
729 3169 755 3216 ην
774 3147 828 3204 482
846 3146 934 3203 omisit
944 3146 976 3213 ι).
1021 3145 1190 3200 Zenodotum
1210 3146 1280 3201 deo·

229 3253 288 3286 rum
309 3235 466 3289 concionem
485 3235 518 3288 ad
536 3236 636 3290 librum
655 3237 798 3307 septimum
820 3234 962 3302 rettulisse,
990 3244 1021 3288 ut
1045 3245 1153 3288 octavus
1175 3233 1209 3288 ab
1229 3253 1280 3286 eo-

228 3321 304 3388 dem,
323 3340 377 3396 quo
396 3339 483 3389 nuuc,
503 3341 576 3378 versu
596 3324 744 3394 inceperit,
762 3329 793 3391 θ,
812 3323 847 3379 52
866 3323 997 3376 continuo
1015 3334 1120 3392 secuto,
1143 3320 1213 3376 baud
1233 3341 1278 3376 sa-

228 3407 260 3462 tis
278 3420 351 3464 certo
370 3411 518 3483 suspiceris.
555 3409 597 3466 Cf.
615 3410 745 3484 Bergbius
758 3412 775 3466 l.
793 3411 812 3466 l.
830 3431 857 3484 p.
871 3407 924 3467 483
941 3429 980 3484 sq.
991 3409 1030 3478 ²).

283 3614 312 3680 1)
332 3613 450 3686 lleyuius
468 3615 519 3685 (lV
538 3635 564 3686 p.
583 3617 660 3682 410);
689 3615 853 3690 „Suspicor,
877 3619 910 3673 ab
935 3617 991 3673 eius
1007 3619 1150 3692 exemplari
1169 3640 1274 3676 vertum

229 3683 345 3754 primum
365 3689 410 3754 (a,
432 3687 460 3752 1)
480 3687 611 3752 abluisse,
637 3699 666 3741 ut
689 3688 865 3759 iungerentur
889 3691 1030 3746 norissima
1048 3692 1110 3745 libri
1128 3695 1276 3765 superioris

228 3765 268 3823 tn,
288 3756 351 3821 182)
369 3776 430 3811 cum
459 3757 536 3812 initio
561 3759 640 3813 buius
665 3759 727 3812 libri
754 3764 796 3828 (θ,
815 3760 872 3832 2).”
918 3763 955 3816 tu
979 3782 1011 3832 η,
1029 3762 1083 3820 182
1101 3763 1274 3820 Zenodotum

226 3827 358 3882 sustulisse
375 3829 481 3883 scimus.
793 3829 796 3834 ’

278 3899 309 3968 2)
327 3899 512 3954 Aristarchum
530 3900 638 3953 iliadem
664 3911 689 3953 et
706 3898 855 3972 Odysseam
882 3900 910 3954 in
930 3901 1020 3974 viginti
1045 3915 1173 3988 quattuor
1190 3905 1275 3960 libros

226 3967 387 4025 distribuisse
402 3972 523 4026 referunt
537 3970 797 4042 Pseudoplutarcbus
815 3972 849 4026 de
862 3973 972 4028 Homeri
992 3993 1065 4046 poest
1085 3975 1118 4042 ll,
1136 3977 1154 4032 4
1172 3988 1198 4030 et
1216 3977 1274 4030 Eu-

227 4040 335 4095 statbiut
354 4062 379 4114 p.
396 4043 421 4110 5,
439 4042 492 4100 300
510 4059 579 4113 sqq„
599 4062 686 4114 neque
704 4043 842 4111 dubitant,
871 4055 900 4098 ut
925 4045 991 4100 alios
1007 4049 1124 4113 mittam,
1153 4046 1272 4102 Wolfius

227 4109 365 4184 (Prolegg.
388 4134 413 4186 p.
433 4113 570 4179 CCLVl),
588 4114 708 4185 lleynius
728 4114 801 4178 (Vlll
820 4136 847 4187 p.
859 4115 938 4182 788),
957 4117 1082 4172 Lebrsiur
1105 4123 1143 4188 (p.
1164 4117 1229 4184 373)
1245 4131 1271 4174 et

227 4180 407 4241 Bernbardius
423 4185 458 4253 (ll
477 4205 503 4257 p.
518 4186 569 4242 112
580 4185 637 4258 οη).
674 4187 709 4240 ttt
726 4185 913 4242 Lacbmauuus
931 4187 997 4255 (1.1.
1016 4209 1041 4262 p.
1054 4188 1103 4259 30)
1121 4189 1190 4244 bene
1210 4209 1271 4244 mo-
