2896 4888
723 409 797 484 174
883 381 888 388 ’

242 601 286 651 καλ
308 595 428 657 lacessiere
449 595 594 667 sserrloplrp
618 595 724 664 μιγῆναι
748 589 828 646 ἴαινον
853 597 1002 662 astrixerint
1028 595 1071 652 Ci.
1090 595 1238 652 Nitascbins
1256 597 1297 652 lii

242 704 268 756 p.
287 685 348 742 232.

294 773 473 828 Transeamus
491 771 525 827 ad
543 770 693 837 casinens,
720 769 817 842 quibus
835 767 990 824 zenodotus
1014 789 1103 825 sersus
1128 772 1218 827 omisit
1235 773 1298 828 aliis

243 862 359 916 mutatis.
1102 922 1105 936 Ι

294 953 327 1016 Γ,
346 947 490 1006 tto-425
509 946 663 1002 Zenodotus
679 945 782 1002 sustulit
801 956 825 1000 et
846 964 895 1018 pro
914 963 988 998 versu
1007 945 1076 1002 126ε

439 1033 536 1089 Ἔνθα·
544 1032 633 1097 κάθιζ’
646 1032 748 1106 Ἑλένη,
767 1030 849 1106 scripu
868 1029 931 1092 Arde
948 1031 1083 1101 αἰγιόχοιο,

245 1121 318 1179 fissit
336 1121 394 1179 illas

446 1209 526 1282 Asiati
544 1208 570 1265 d'
585 1207 674 1264 α’κτλοκ
692 1207 741 1269 ἷζεν
758 1206 942 1278 Ἀλεξάνδροιο
960 1206 1082 1268 «isauron.
1172 1209 1176 1214 '

244 1296 336 1354 Critici
356 1297 462 1370 Ephesii
480 1310 669 1371 argumentum
689 1297 852 1353 Aristonicus
873 1306 944 1350 recte
963 1307 989 1349 et
1015 1297 1116 1350 invenit
1140 1308 1166 1351 et
1190 1297 1297 1351 reluta-

244 1385 335 1456 vit⁵⁵).
385 1387 533 1443 Heraclitus
551 1387 647 1460 (alleg.
668 1387 746 1440 llom.
765 1386 814 1454 28)
832 1396 939 1457 poetam
963 1385 1053 1455 inepte
1078 1384 1207 1439 defendit.
1244 1387 1298 1438 Di-

243 1491 349 1546 gamma
369 1496 391 1530 v.
411 1474 522 1535 ἄνακιοφ
540 1473 655 1546 negleait
670 1474 833 1528 Zenodotus.

296 1566 335 1634 A,
354 1563 391 1624 88
410 1583 460 1636 pro
479 1567 503 1616 ελ
518 1584 568 1616 που
587 1562 686 1628 tanton
704 1562 809 1633 scripsit
826 1546 883 1630 eripe
899 1562 927 1612 dl
946 1557 1074 1627 rivde⁵⁶)
1099 1557 1198 1612 omisso
1217 1579 1297 1613 versu

242 1653 287 1710 89.
325 1652 504 1710 Aristonicus:
530 1653 620 1704 Δοκῶν
637 1646 803 1719 α’κθρώτιινον
820 1645 852 1700 vd
875 1647 960 1717 ζητεῖν
977 1643 1057 1700 εἶναι·
1078 1649 1249 1700 καταλέλοιπε
1268 1653 1298 1700 δὲ

243 1739 274 1794 vd
293 1741 457 1810 διζημένη
476 1740 513 1810 (v.
534 1739 596 1808 68)·
615 1735 703 1805 (irruet
718 1741 763 1803 dt,
787 1730 828 1788 lire
855 1731 1013 1798 ὅμοιοιθετσα
1031 1731 1159 1803 Λαοδόκῳ
1178 1732 1298 1806 α’κὰγκρν

243 1824 308 1894 εἶχεν
325 1824 479 1899 eisd-priano
497 1823 665 1895 intenderim.
715 1826 818 1877 Verum
837 1823 1007 1902 Zenodotum
1033 1823 1201 1894 potissimum
1227 1843 1298 1876 con-

243 1917 344 1970 iunctio
362 1919 383 1968 et
402 1913 544 1970 offendisse
571 1913 688 1979 ridetur,
717 1931 800 1984 quum
828 1912 959 1966 dubitatio
986 1912 1063 1964 deam
1084 1911 1227 1964 dedeceret
1245 1914 1298 1978 (ci.

242 2021 323 2074 supra
342 2004 374 2056 ad
394 2023 420 2069 α,
442 2001 520 2068 100),
550 2003 636 2074 neque
655 2019 711 2054 non
730 2001 845 2069 ἐφεύροι,
871 2019 956 2072 quum
973 1985 1031 2071 nipe
1047 1999 1178 2053 continuo
1196 2019 1298 2072 seque·

244 2102 331 2158 retur,
352 2110 412 2144 eum
433 2089 501 2144 male
519 2088 620 2144 babuit.

295 2184 328 2246 1,
351 2179 384 2235 11
404 2177 557 2232 Zenodotns
584 2173 649 2231 diors
675 2175 756 2247 κρήνη
782 2172 943 2244 resitire-door
967 2175 1115 2229 immutarit
1136 2178 1165 2228 in
1183 2170 1253 2237 μετὰ
1272 2174 1298 2230 δ’

243 2262 395 2336 Ἀρνελοιοιν
411 2267 499 2332 λἰιοιεν,
517 2278 543 2320 st
561 2286 584 2321 v.
606 2267 638 2322 15
658 2285 697 2336 sq.
717 2266 808 2331 eiecit,
829 2266 1039 2336 comparatione,
1059 2283 1139 2336 quam
1159 2266 1298 2320 Aristoni-

243 2375 289 2409 cus
310 2352 453 2421 α’ναγκαταν
471 2358 506 2414 ete
524 2349 630 2426 αὔξησιν
648 2354 727 2421 dicit,
745 2354 856 2420 sublata,
875 2373 907 2406 eo
925 2352 983 2406 siue
1001 2353 1084 2405 dubio
1104 2364 1201 2416 motus,
1221 2355 1296 2426 quod

243 2442 441 2514 (λαρυοτινάχοιν
459 2461 483 2495 r.
506 2441 538 2497 16
557 2454 582 2498 et
601 2445 752 2512 δακρυχέων
776 2443 824 2498 sibi
851 2460 1003 2514 repugnare
1022 2441 1122 2513 putarit
1136 2440 1191 2510 87),
1220 2443 1296 2513 quod

244 2531 433 2604 posterioribus
453 2547 562 2602 qunque
580 2531 760 2602 grammaticis
779 2532 862 2583 visum
883 2541 936 2596 est,
965 2529 1027 2582 inde
1046 2549 1071 2584 r.
1091 2527 1124 2585 16
1143 2531 1298 2598 δακρυχέων

243 2618 444 2692 reponentibus.
489 2617 608 2688 Heynius
627 2621 651 2670 V
671 2640 696 2690 p.
728 2619 782 2679 528
803 2639 831 2672 se
853 2638 909 2672 non
929 2617 1022 2670 mirari
1041 2615 1194 2688 profitetur,
1223 2616 1298 2670 banc

243 2705 482 2778 comparationem,
501 2723 516 2758 e
535 2725 563 2770 οι,
582 2705 650 2778 deq.
669 2706 819 2777 repetitam,
840 2706 900 2758 siris
917 2702 1101 2776 sagacioribus
1118 2705 1295 2776 displicuisse,

244 2811 329 2866 quum
347 2791 432 2846 aliena
450 2792 484 2846 sit
502 2803 528 2846 et
546 2793 607 2847 loco
624 2804 650 2848 et
668 2795 796 2866 dignitate
816 2794 936 2849 dicentis.
985 2800 1018 2847 At
1041 2793 1103 2847 talia
1120 2792 1294 2846 &nodotum

244 2899 299 2933 uon
320 2890 477 2946 moverunt,
502 2899 591 2952 neque
610 2881 714 2952 Heynio
735 2885 898 2950 accedetis,
925 2880 971 2954 qui
990 2881 1193 2936 Homericarum
1216 2900 1297 2936 com-

244 2967 413 3041 parationum
432 2977 556 3020 naturam
577 2971 727 3024 accuratius
746 2973 826 3026 norit.

250 3081 550 3094 ..n-..u--n-——n--n-

295 3135 342 3200 ³5)
360 3133 486 3207 ’Aapsnlr
503 3130 554 3207 reip
575 3134 648 3207 stirpi
664 3139 781 3200 inuisere
806 3137 838 3192 cd
861 3147 896 3211 τῇ
914 3134 1001 3207 Ἑλένῃ
1019 3133 1180 3208 Ἀφροδλιην
1196 3140 1293 3210 δίφρον

242 3205 395 3278 βαστάζειν·
414 3209 579 3276 λιιιλέληοται
599 3214 645 3276 dl,
670 3204 711 3263 ‘dre
729 3212 794 3282 γραῒ
809 3216 927 3264 εἴκασται
948 3214 986 3278 (a.
1003 3209 1133 3275 3861καλ
1150 3207 1238 3279 ταύτῃ
1256 3215 1294 3279 τῇ

242 3285 332 3352 μορφῇ
358 3278 393 3332 ια’
422 3279 583 3352 προςὴκοντα
614 3285 766 3352 ἐπιτηδεύει.
807 3282 927 3354 Heynius
953 3302 1064 3335 monere
1093 3300 1146 3334 non
1177 3281 1295 3334 debebat

244 3353 295 3420 th
315 3373 341 3436 p,
361 3351 444 3418 542)ι
467 3353 568 3424 „Atqui
589 3351 721 3408 Venerem
743 3354 791 3407 sub
810 3375 877 3407 anus
894 3355 982 3425 specie
1000 3353 1117 3405 Helenae
1136 3353 1293 3407 cubiculum

243 3427 354 3476 interius
383 3424 493 3476 intrasse
522 3435 599 3495 poeta
628 3445 682 3477 non
716 3426 786 3478 dixit.
837 3425 966 3492 Quaestio
992 3424 1105 3476 onmino
1131 3436 1168 3476 est
1192 3424 1294 3494 inepta.

242 3495 345 3562 Quidni
365 3495 436 3545 enim
457 3496 565 3556 Venus,
584 3507 613 3549 ut
631 3498 700 3563 dea,
718 3497 798 3553 iaciat
815 3497 926 3568 aliquid,
946 3498 981 3552 ita
1000 3508 1030 3549 ut
1048 3496 1160 3550 actionis
1178 3497 1293 3549 modun,

245 3576 322 3638 poeta
341 3565 410 3616 baud
431 3566 603 3619 memoret?”
908 3592 911 3598 ·

296 3634 342 3698 36)
362 3635 407 3687 Sic
435 3647 506 3688 recte
526 3635 637 3689 Belrlrer.
665 3638 792 3706 Villoiso,
821 3639 866 3711 qui
886 3638 1019 3709 ileynium
1040 3637 1091 3705 (IV
1116 3657 1141 3706 p.
1162 3637 1217 3692 568
1235 3641 1293 3709 sq.)

243 3707 270 3761 io
290 3725 410 3760 errorem
429 3706 540 3770 induxit,
559 3718 686 3777 corrupte
706 3695 762 3779 ripe
780 3709 923 3768 Λιαιὶονος.
965 3707 1069 3778 Quodsi
1090 3707 1214 3780 Spitzner
1232 3711 1296 3761 Vil-

243 3779 420 3833 loisonianam
439 3776 583 3831 editionem
604 3779 793 3847 consuluisset,
816 3782 905 3833 dicere
921 3800 975 3832 non
997 3781 1137 3849 potuisset,
1154 3780 1293 3851 Heynium

242 3850 332 3905 Scbol.
350 3850 388 3902 rel
409 3848 576 3920 negligenter
595 3850 734 3917 evolvisse,
753 3853 791 3904 vel
813 3871 891 3923 prave
909 3851 1073 3905 intellexisse.

296 3922 341 3988 37)
362 3921 419 3974 Hoc
437 3920 561 4004 Spitaner
579 3933 650 3974 recte
671 3923 741 3977 sidit.
779 3923 861 3992 Quod
887 3943 949 3975 sero
966 3921 1053 3987 addit,
1080 3920 1128 3985 „si
1149 3920 1295 3989 (Zenodo-

243 3993 298 4058 tus)
318 4003 548 4064 comparationem
567 4011 582 4044 e
600 3992 669 4046 libro
688 3999 791 4066 u,3sq.
812 4015 907 4065 perum
927 4004 988 4064 apte
1007 3993 1060 4048 buc
1078 3994 1226 4048 traductam
1248 3995 1294 4045 iu-

242 4065 362 4130 dicasset,
380 4066 406 4118 id
426 4065 512 4135 ipsum
532 4065 691 4134 interpretes
709 4068 786 4120 nobis
799 4067 918 4120 dicturos
937 4065 1026 4130 fuisse,
1038 4082 1212 4136 consequens
1230 4065 1294 4129 est‚'¹

241 4135 306 4188 nibil
325 4137 498 4202 demonstrat,
516 4153 606 4206 quem,
636 4137 707 4207 quod
727 4139 879 4208 saepissime
897 4137 1145 4200 animadvertimus,
1165 4133 1294 4206 Spitane-

144 4229 153 4242 ·
242 4227 300 4260 rum
313 4208 445 4278 originem
461 4218 541 4280 atque
555 4207 685 4261 rationem
693 4207 863 4264 Scholiorum
875 4229 970 4282 parum
983 4207 1103 4262 babuisse
1113 4219 1291 4279 perspectam.
