2896 4888
664 431 734 506 171

177 619 237 674 satis
254 617 371 672 firmum
384 616 528 684 habemus,
556 628 646 672 tamen
672 615 723 672 alia
742 615 853 682 adsunt,
878 635 948 690 qnae
973 607 1037 676 illos
1051 639 1139 676 sersus
1157 622 1226 680 male

177 709 294 761 intrusos
319 707 375 760 esse
399 707 585 778 comprobant.
622 703 664 759 Cf.
683 705 817 778 Heynium
845 705 894 759 Vll
913 729 939 780 p.
958 709 1020 766 214.
1058 709 1226 782 Geppertum

177 796 187 848 l
207 817 234 866 p.
253 795 288 850 35
307 816 347 868 sq.
366 797 410 850 75.
447 792 651 850 Lachmannum
670 793 694 846 ll
712 815 738 865 p.
756 793 800 856 30,
819 793 866 866 qui
885 807 957 850 recte
975 815 1065 855 sersus
1084 795 1229 854 tau-458

179 885 312 940 tollendos
327 903 384 937 esse
401 883 515 948 iudicat,
535 895 563 937 ut
581 883 728 954 iungantur
746 901 767 934 r.
786 881 837 938 431
858 895 884 938 et
904 905 926 937 r.
945 885 1008 940 153.

232 975 273 1037 Ρ,
294 969 450 1036 tta-136,
478 970 525 1042 qui
545 989 633 1023 versus
649 969 678 1022 in
697 968 762 1022 Chia
779 969 999 1024 editionemescio
1018 991 1073 1044 quo
1092 992 1154 1028 casu
1172 993 1227 1031 non

178 1061 352 1132 legebantur,
373 1058 531 1114 Antimacho
551 1077 614 1112 vero
631 1059 686 1112 noti
707 1057 787 1110 luisse
805 1058 929 1113 ridentur
941 1060 999 1128 ²¹),
1017 1062 1122 1116 sustulit
1139 1062 1230 1115 Zeno-

180 1149 273 1214 dotus,
293 1157 419 1199 nontam
440 1147 597 1200 auctoritate
616 1146 686 1200 illius
704 1145 843 1214 editionis,
862 1166 942 1219 quam
963 1161 1123 1220 argumento
1142 1162 1230 1204 motus

180 1257 195 1288 a
213 1234 333 1305 Didymo
352 1234 405 1286 iam
424 1234 541 1288 refutato
552 1233 599 1301 28).
644 1233 741 1288 Noster
764 1234 841 1288 locus
866 1235 984 1289 versibus
1008 1236 1060 1290 illis
1084 1237 1173 1292 eiectis
1191 1241 1229 1292 oh

179 1343 295 1396 sequens
321 1322 355 1380 a‘r'e
384 1343 405 1374 s.
433 1321 484 1376 137
510 1333 578 1376 stare
604 1321 698 1394 nequit
723 1334 804 1393 atque
828 1322 1057 1394 comparationem
1082 1325 1232 1378 accuratius

180 1412 388 1477 adumbratam,
407 1428 490 1481 quam
515 1429 586 1481 quae
604 1407 690 1486 verbis
709 1401 743 1467 iic
763 1415 805 1466 τίς
828 1427 857 1462 τε
883 1411 947 1462 λέων
969 1415 1028 1480 περὶ
1051 1407 1102 1462 οἶσι
1118 1415 1232 1462 τέκωσιν

181 1499 350 1561 continetur,
369 1497 556 1564 desideramus.
592 1497 710 1568 Heynius
725 1516 749 1550 v.
768 1495 909 1553 134-137
927 1499 1017 1551 abesse
1036 1516 1112 1570 posse
1129 1498 1233 1554 ridetur
1294 1541 1297 1552 .

181 1598 297 1641 statuere
315 1585 379 1654 (Vll
400 1607 426 1657 p.
442 1585 526 1652 311),
552 1595 582 1639 ut
605 1585 681 1638 locus
706 1605 781 1652 „noo
800 1585 944 1640 infeliciter
968 1605 984 1638 a
1003 1584 1137 1656 rhapsodo
1152 1604 1232 1640 <esor-

181 1685 260 1728 natus
275 1675 309 1726 sit
327 1673 458 1745 ampliore
478 1672 657 1726 declaratione
675 1671 784 1725 leonis.''

233 1765 266 1828 P,
284 1761 428 1817 tut-425
447 1771 518 1814 reete
537 1759 614 1814 eiecit
631 1759 853 1829 zenodotusw),
882 1759 926 1814 cui
943 1771 1037 1831 poetae
1060 1761 1179 1816 narratio
1198 1763 1232 1828 (r.

182 1848 341 1916 404-111)
360 1860 386 1902 et
404 1848 572 1902 Graecorum
594 1867 622 1901 se
648 1846 720 1918 ipsos
745 1848 944 1920 adhortantium
967 1849 1053 1902 oratio
1070 1849 1178 1921 ineptae
1195 1851 1252 1902 ri·-

182 1937 324 2003 dehantur,
342 1955 431 2008 neque
447 1955 509 1990 eum
528 1936 625 2007 fugisse
640 1937 743 2014 ridetur
754 1955 843 1990 versus
854 1935 996 1991 tot-406
1009 1957 1072 1990 cum
1084 1957 1112 2004 n,
1129 1937 1165 1994 83
1174 1958 1234 2010 sqq.

183 2037 209 2079 et
229 2045 318 2078 versus
335 2025 388 2080 tto
408 2043 447 2096 sq.
476 2043 539 2078 cum
564 2043 594 2090 a,
614 2023 630 2079 9
654 2045 713 2096 sqq.
741 2023 902 2095 discrepare.
944 2024 1076 2077 Zenodoti
1105 2024 1234 2077 iudicium

183 2114 298 2166 omnino
324 2114 470 2185 probamus
497 2131 559 2166 cum
579 2111 718 2183 Gepperto
743 2113 766 2177 (l
786 2130 812 2182 p.
829 2109 875 2173 36)
901 2121 928 2164 et
955 2111 1130 2165 Lachmanno
1155 2113 1189 2178 (ll
1209 2131 1235 2183 p.

182 2203 240 2270 32),
260 2203 306 2274 qui
325 2203 457 2258 verissime
475 2220 563 2255 versus
581 2198 725 2255 366-123
745 2197 878 2252 tollendos
902 2215 957 2250 esse
974 2199 1088 2266 iudicat,
1107 2200 1154 2252 aed
1173 2219 1236 2254 cum

143 2339 151 2354 ,
182 2292 291 2364 Heynio
309 2277 450 2358 (16116113,
469 2309 537 2364 quos
554 2289 710 2342 Zenodotus
727 2289 760 2342 sit
776 2298 890 2353 secutus,
910 2287 1029 2358 cogitare
1047 2287 1140 2341 nolim.

243 2385 275 2445 T,
293 2379 327 2436 76
347 2380 476 2433 editiones
494 2377 666 2432 Massiliotica
686 2387 712 2430 et
730 2375 796 2429 Chia
816 2375 940 2446 legerunt
957 2393 1060 2430 versus:

356 2475 430 2522 Τοῖσι
448 2464 474 2522 δ’
491 2465 659 2528 ἀνιστάμενος
677 2469 773 2533 ataias]
792 2471 881 2534 aptius
898 2461 1071 2530 ’Λγαμέμιοιν

354 2560 431 2627 μῆνιν
449 2554 627 2622 αἰαστινᾶχωι
646 2559 690 2606 sal
708 2551 752 2615 dp'
771 2553 855 2612 ἕλκεος
873 2551 954 2619 illyres
972 2549 1089 2620 πάσχων.

185 2645 368 2699 Posteriorem
381 2665 485 2699 versum
497 2646 653 2699 Zenodotus
664 2643 761 2708 omisit,
781 2661 864 2714 quum
880 2641 923 2695 hic
933 2641 1023 2693 denuo
1034 2639 1082 2712 (cl.
1092 2661 1117 2708 a,
1126 2641 1158 2696 51
1168 2647 1238 2714 sqq.)

186 2736 244 2787 sine
262 2735 358 2787 idonea
373 2753 450 2788 causa
468 2734 564 2788 rulnus
577 2731 785 2804 Agamemnonis
803 2741 1070 2796 commemoraretur,
1088 2730 1161 2802 quod
1176 2750 1238 2783 eum

188 2835 245 2876 nott
263 2823 413 2894 impedivit,
441 2823 586 2894 quominus
609 2831 731 2892 surgeret
748 2831 774 2873 et
792 2817 820 2872 in
839 2818 1007 2874 Graecorum
1026 2819 1158 2873 concione
1176 2835 1240 2872 ora-

188 2914 291 2966 tionem
317 2910 434 2965 haberet.
481 2916 515 2964 ΑΙ
538 2911 639 2963 tristem
664 2921 691 2962 et
716 2919 862 2973 maestum,
891 2925 946 2978 quo
969 2907 1118 2960 orationem
1140 2905 1239 2973 hahuit,

189 3138 274 3192 immo
297 3133 342 3186 ille
367 3131 498 3186 lunonem
525 3129 613 3184 lovem
644 3129 671 3181 in
694 3127 739 3180 lda
764 3127 901 3182 sedentem
929 3126 1023 3181 adiisse
1042 3127 1151 3197 putarit.
1196 3124 1238 3182 Ol.

190 3207 328 3262 Lehrsium
350 3224 376 3273 p.
396 3202 450 3260 356
467 3223 506 3272 sq.
527 3214 552 3256 et
568 3202 636 3254 inlra
656 3219 679 3252 c.
700 3199 735 3250 Xl
754 3199 786 3250 ad
805 3219 831 3266 p,
851 3198 912 3254 545.

245 3279 293 3342 27)
313 3275 457 3347 Didymus:
481 3271 512 3326 ‘O
531 3276 559 3324 di
580 3269 741 3336 Ἀντίμαχος
766 3273 791 3320 la
809 3265 904 3320 τούτου
923 3269 1067 3336 πλανηθεὶς
1092 3262 1170 3336 dp'aq
1195 3271 1239 3322 κα)

130 3368 133 3374 ’
190 3373 237 3402 τιν
256 3349 349 3418 ‹ipoern
367 3347 480 3412 (diersa)
499 3355 698 3409 cervaruyuyete.
734 3339 907 3395 Philostratus
924 3339 982 3406 [tlt.
994 3338 1122 3410 Apollon.
1141 3335 1176 3405 ll,
1197 3338 1240 3403 14)

192 3424 226 3476 de
244 3421 323 3474 leone
341 3420 432 3473 locum
450 3416 582 3486 intelligit.

208 3556 213 3566 .
246 3507 293 3574 28)
314 3507 458 3582 Didymus:
476 3503 572 3571 Ἴσως,
592 3506 670 3565 φασὶν
687 3501 763 3564 ἔνιοι,
788 3491 830 3550 ‘a'cs
848 3497 872 3548 ai
888 3496 991 3566 ἄρσενες
1010 3499 1110 3556 lloirec
1127 3495 1159 3552 eri
1171 3517 1239 3551 ouu-

192 3582 387 3646 μναγωμοῦσιν,
414 3574 482 3629 dttd
501 3575 607 3645 θήλειαι
632 3573 716 3634 μόναι.
735 3598 770 3610 -
805 3565 888 3620 Kurra*
911 3571 940 3620 dl
959 3563 1136 3639 ιόιὍμηρον
1162 3569 1239 3636 μήπω
1352 3587 1356 3594 ·

191 3651 241 3722 τήν
260 3655 361 3704 λέαιναν
372 3654 496 3714 staterae,
513 3644 580 3699 ἀλλά
598 3642 629 3697 rd
643 3641 773 3712 ripuensis
788 3637 875 3701 μόνον.
911 3639 954 3693 Cl.
974 3659 999 3706 a,
1014 3640 1068 3696 318
1079 3662 1119 3713 sq,
1136 3664 1164 3706 φ,
1179 3639 1240 3696 483,

244 3724 291 3788 29)
309 3720 476 3775 Aristarchus
495 3737 598 3772 versum
618 3715 670 3771 420
693 3713 771 3768 obelo
791 3713 906 3776 notarit,
932 3731 1006 3774 non,
1030 3715 1103 3784 quod
1121 3711 1241 3783 Heynius

161 3847 170 3852 .
194 3795 258 3858 (Vll
278 3815 304 3865 p.
323 3783 403 3858 794'),
423 3791 546 3862 Spitaner
564 3802 589 3842 et
609 3787 762 3858 Geppertus
776 3782 801 3852 (l
821 3803 846 3855 p.
867 3782 914 3846 36)
933 3795 1065 3849 statuunt,
1091 3801 1133 3836 sex
1152 3801 1241 3834 versus

197 3867 259 3920 inde
278 3885 292 3919 a
311 3885 334 3916 r.
352 3865 421 3929 420,
453 3863 526 3933 quod
543 3881 557 3914 e
576 3860 661 3912 verbis
679 3857 769 3911 Schol.
789 3855 811 3906 Α
831 3876 856 3919 ρ,
875 3854 942 3908 404:
971 3853 1147 3924 Ἀρίοταρμος
1164 3849 1241 3914 μόνον

194 3933 396 3993 ‹ideretdicdt
413 3953 463 3992 τις
488 3931 527 3986 ari
543 3931 680 4001 Τρώων,
706 3928 774 3982 male
794 3925 937 3996 colligitur.
983 3925 1075 3979 Schol.
1103 3943 1159 3976 non
1178 3921 1242 3976 dicit

194 4005 312 4061 siniret]
331 4003 552 4065 dedicarent}
572 4003 690 4072 Τρώων
709 4001 820 4068 {egroti
844 3994 987 4062 χάλκεον
1011 3992 1155 4064 oripurdr
1173 3992 1240 4046 α’θε-

194 4094 246 4146 ret,
266 4080 413 4133 sedunum
434 4089 536 4130 tantum
551 4093 652 4128 versum
673 4071 780 4133 indicat,
799 4087 878 4140 quem
899 4066 1065 4120 Aristarchus
1083 4066 1243 4119 eiiciendum

196 4171 251 4205 esse
271 4150 410 4223 putaverit,
429 4160 457 4200 ut
469 4167 491 4202 r.
504 4146 646 4202 415-419
666 4155 691 4198 et
709 4144 807 4212 42lsq.
826 4141 859 4194 ad
880 4158 958 4192 unam
971 4139 1137 4210 eandemque
1156 4137 1244 4190 Grae·
1294 4211 1298 4218 .

197 4243 291 4278 corum
310 4221 474 4295 pertinerent
490 4219 649 4272 orationem.
1177 4243 1180 4248 ι
