2886 4890
509 341 699 488 89

143 577 198 634 520
215 596 255 649 sq.
300 575 361 630 Non
388 575 471 649 magis
491 574 593 646 probo,
617 573 689 645 qnod
714 572 786 626 idem
812 575 921 640 statuit,
941 575 1111 630 Zenodotum
1130 575 1199 628 illud

143 669 202 733 mot
220 668 277 734 lonc
294 664 328 717 ad
346 651 537 736 corrigendum
551 661 700 735 impulisse.
737 661 891 735 Utrumque
909 661 1049 733 legebatur
1067 664 1095 717 in
1114 663 1198 729 libris,

142 764 224 825 atque
243 751 410 815 Aristarchus
427 751 605 805 masculinum
625 752 735 804 fortasse
756 752 871 822 recepit,
899 771 933 806 ne
949 751 1049 805 similes
1066 752 1196 806 termina-

143 841 229 896 tiones
246 840 391 894 femininae
410 838 551 910 (ἀρούρης,
571 835 662 910 iiim,
678 838 770 909 κόρῃ,
789 839 862 910 ἴσας)
879 849 1081 894 concurrerent.

198 928 357 984 Accedimus
374 929 408 982 ad
427 946 566 984 numerum
585 927 729 980 nominum.

196 1034 232 1097 Ν,
251 1030 305 1087 423
325 1031 495 1092 Zenodntuss
562 1074 567 1082 .

209 1127 213 1148 “’
287 1122 366 1188 Νῆατ
383 1123 424 1170 lui
441 1110 578 1188 yiuoopdr
597 1121 704 1188 φερέτην
721 1123 805 1189 streptu
823 1121 1051 1186 στενάχοντα,

144 1206 189 1264 ubi
210 1204 378 1265 Aristarchus
395 1203 561 1272 στενάχοηε,
588 1206 661 1278 quod
687 1225 764 1259 osen
733 1209 845 1273 α’χαττα
869 1207 1013 1262 ridiculum
1038 1207 1084 1274 sit,
1110 1223 1195 1278 quum

144 1307 265 1348 mortuus
284 1296 459 1367 ingemiscere
478 1303 601 1366 nequeat.
639 1295 674 1348 ht
692 1294 736 1349 hic
755 1295 865 1350 misiime
883 1297 917 1349 de
935 1307 1044 1357 mortun
1068 1295 1110 1365 agi
1127 1293 1197 1345 iam·

90 1423 96 1430 .
142 1379 250 1433 dudum
272 1369 339 1435 locis
361 1381 491 1435 similibus
509 1381 561 1448 (cf.
585 1386 616 1448 0,
636 1379 697 1436 334.
723 1403 746 1447 τ,
766 1382 827 1438 538.
849 1385 876 1447 ξ,
894 1359 962 1450 432)
989 1381 1195 1452 comprohatum

143 1477 190 1523 est.
228 1465 428 1522 llincWolssus
445 1469 545 1540 (praei.
562 1468 604 1522 ed.
624 1469 720 1525 noviss.
742 1471 853 1540 p.LlV)
871 1481 897 1526 et
915 1469 1064 1542 Spitaner'
1057 1489 1115 1522 rure
1134 1469 1195 1522 sri-

143 1556 305 1622 stareheam,
324 1557 351 1609 ni
372 1557 467 1622 fallor,
474 1556 670 1611 coniecturam
690 1559 850 1611 reiecerunt.

195 1647 237 1713 Ν,
261 1644 313 1701 108
329 1645 492 1703 Zenodotus
502 1663 551 1698 suo
571 1643 658 1708 Marte
675 1645 793 1716 scripsit.
883 1667 885 1674 ’

280 1727 364 1786 Ὥστε
381 1730 425 1786 δύ’
442 1727 519 1798 αἵγε
537 1735 623 1786 λέοντε
641 1729 757 1786 κυνῶν“
742 1753 792 1786 runo
811 1728 1043 1802 καρχαροδᾶττατ,
1131 1739 1133 1746 “

142 1814 357 1892 singularem?
324 1827 387 1888 αἶγα
405 1822 434 1875 in
453 1820 560 1874 dualem
580 1829 701 1887 mutans,
727 1839 762 1874 ne
785 1820 839 1873 duo
858 1824 950 1874 teones
965 1837 1048 1872 unam
1067 1817 1196 1872 eandem

143 1927 196 1980 que
214 1926 313 1979 agnam
330 1908 494 1964 invaderent.
532 1913 566 1964 ht
584 1907 619 1962 ci.
634 1907 756 1980 Aeschyli
775 1908 956 1980 fragmentum
970 1906 1062 1978 (313),
1077 1905 1195 1960 edehat.

144 1997 263 2051 allatum
360 2035 362 2043 ·

181 2089 239 2153 M,
257 2086 311 2143 342
330 2105 370 2158 sq.
389 2107 413 2152 o,
431 2085 482 2142 301
503 2085 660 2137 Zenodotus
678 2095 704 2137 et
723 2083 961 2154 Aristophanem·

278 2168 362 2247 χΑῗψα
381 2171 406 2225 d'
426 2169 465 2224 ἐπ’
482 2173 611 2222 Αἴαντε
630 2172 713 2239 προΐει
732 2166 832 2238 κήρυκα
850 2167 973 2240 θοῶτην·

274 2256 382 2327 Ἕρχεο,
404 2260 445 2310 dte
463 2260 574 2325 Θοῶτα,
592 2261 663 2309 dios
680 2258 809 2309 Aloros
828 2256 959 2309 κάλεσσον.
976 2283 1012 2296 --

282 2346 316 2398 Οἳ
333 2348 378 2407 μὶν
394 2341 436 2414 iip’
454 2341 518 2407 ἄμφ’
534 2347 563 2396 A
569 2349 582 2396 i'
586 2363 665 2398 αττε
681 2349 726 2397 aul
744 2342 874 2415 Ἰδομενῆα
892 2343 1002 2397 ἄτακτα.

143 2431 312 2503 „Singularis
335 2435 482 2505 (Aluna),
510 2432 552 2487 eui
574 2435 642 2488 Ven.
664 2433 818 2486 Vindobon.
844 2443 870 2486 et
894 2432 938 2486 alii
961 2431 1051 2504 plures
1076 2433 1196 2501 adsunt,”

142 2520 269 2592 Spitener
294 2522 381 2593 iuquit
400 2543 428 2588 o,
447 2521 515 2589 301,
543 2521 633 2588 „haud
659 2522 740 2575 dubie
767 2523 818 2576 suit
836 2520 979 2576 Aristarchi
992 2521 1032 2588 ³),
1060 2525 1105 2595 qui
1124 2526 1194 2578 hene

43 2673 46 2678 Ι
142 2609 236 2678 sensit,
254 2610 391 2664 mentione
410 2611 497 2665 Aiacis
517 2611 656 2683 utriusque
673 2607 758 2677 lacta,
781 2610 943 2683 plerumque
964 2611 1058 2665 subiici
1082 2610 1137 2664 ote
1155 2613 1194 2666 sel

141 2697 229 2751 simile
246 2698 337 2769 quid.”
371 2698 407 2753 At
424 2710 453 2753 tu
471 2700 505 2754 cl.
527 2703 554 2768 d,
573 2699 635 2756 273.
654 2699 715 2758 280.
743 2720 768 2770 η,
790 2698 848 2755 164.
868 2705 899 2767 θ,
917 2697 978 2756 262.
995 2705 1024 2766 is,
1043 2689 1096 2756 333
1114 2721 1153 2774 sq.
1171 2721 1194 2769 τ,

141 2784 186 2842 40.
203 2805 228 2856 (0,
247 2786 309 2844 331.
354 2787 448 2857 Quum
468 2807 569 2860 praeco
585 2809 614 2856 μ,
634 2787 701 2852 354,
721 2789 767 2841 nbi
785 2787 860 2840 nulla
878 2787 949 2841 varia
967 2789 1193 2860 extat'scriptura,

143 2886 290 2948 utrumqne
319 2877 427 2932 Aiacem
453 2878 607 2950 alloquatur
634 2888 714 2951 atque
742 2895 888 2949 praecones
906 2875 1041 2931 Homerici
1068 2878 1193 2932 mandata

141 2976 265 3018 accurate
293 2965 404 3020 reddere
426 2966 544 3032 soleant,
576 2967 645 3020 bene
674 2965 826 3036 colligitur,
851 2964 1006 3019 Menesthea
1029 2985 1063 3032 μ,
1082 2963 1135 3020 343
1160 2965 1193 3018 de
1260 3016 1264 3020 .

142 3064 258 3125 utroque
276 3053 358 3108 Aiace
375 3073 431 3110 esse
449 3053 616 3108 locutumet
633 3054 780 3107 Homerum
795 3055 894 3105 Anne
912 3053 1024 3119 dedisse,
1043 3053 1115 3123 quod
1134 3053 1192 3123 ipso

141 3162 164 3192 v.
186 3139 240 3196 344
258 3143 396 3212 probatur.
425 3141 558 3194 Minime
577 3141 648 3196 enim
667 3140 849 3202 Menestheus,
871 3155 949 3210 ‘quae
973 3161 995 3191 s.
1013 3139 1066 3194 343
1085 3139 1192 3206 (linerat,

140 3240 267 3284 retractat
292 3229 380 3301 (quod
398 3227 522 3300 Spitzner
543 3229 717 3294 contendit),¹
728 3228 773 3280 sed
792 3226 844 3280 hoc
862 3227 975 3279 manime
992 3224 1147 3278 Menestheo
1165 3226 1192 3279 in

140 3319 208 3371 sotis
226 3336 281 3372 esse
299 3316 379 3381 dicit,-
408 3317 479 3390 quod
497 3317 519 3369 si
537 3316 595 3370 lieri
621 3335 677 3369 non
705 3324 808 3386 posset,
839 3312 1015 3392 altersaltem
1037 3311 1192 3365 ausiliose-

140 3406 242 3476 nisit).
280 3405 309 3458 si
329 3422 392 3460 sero
417 3425 440 3458 v.
460 3403 514 3460 343
532 3405 633 3458 Aram
656 3405 736 3458 unice
755 3421 847 3456 verum
872 3412 924 3468 est,
952 3400 985 3454 de
1009 3398 1140 3471 scriptura
1167 3418 1191 3456 s.

194 3674 225 3743 2)
247 3669 452 3744 Aristophanem
478 3689 539 3726 cum
564 3671 706 3726 Zenodotn
732 3677 847 3730 Αἴαντε
856 3675 958 3730 dedisse
980 3671 1084 3726 disertis
1107 3670 1192 3726 verbis

139 3745 505 3812 deunotantnmloco(⁰,
483 3743 587 3809 0301
607 3745 730 3800 edentur.

194 3835 223 3901 3)
242 3833 411 3905 singularem
432 3832 576 3888 Aristarchi
597 3833 700 3887 luisse
694 3855 745 3890 sam
762 3833 881 3907 lleynius
898 3833 961 3902 (Vll
981 3853 1007 3904 p.
1026 3831 1075 3899 50)
1092 3829 1191 3896 statuit,

139 3908 213 3982 quod
232 3908 294 3961 satis
312 3905 466 3976 probabile,
485 3905 529 3963 aed
550 3925 604 3960 non
625 3918 726 3960 certum
747 3908 857 3961 videtur.

193 3995 224 4063 4)
242 3991 313 4046 Male
324 3993 472 4082 singularis
489 3991 667 4048 defenditur
661 4015 687 4047 sn
707 3993 797 4050 sehet.
820 3995 854 4046 B:
880 3995 959 4049 Φίλος
976 4011 1027 4058 rup
1046 3985 1138 4050 αὐτοῦ,
1156 3982 1191 4046 eis

137 4063 333 4126 Sulssflmt’
304 4064 378 4152 ped
400 4065 563 4156 Τελαμώντττ
589 4070 630 4130 (at
649 4078 726 4136 poeta
748 4066 909 4128 Τελαμώνιον
935 4081 990 4114 non
1016 4059 1117 4126 aditu)-
1135 4053 1192 4110 εἶτα

138 4142 169 4190 dl
186 4133 531 4224 1τα1εεαρφατερωγ
523 4135 718 4207 ipnnllov·
746 4144 800 4192 lori
826 4141 855 4190 tt
881 4131 965 4205 otioso
983 4151 1070 4184 ταετα
1089 4135 1132 4182 τετε
1148 4149 1192 4196 εγ

138 4229 187 4278 νας
206 4200 342 4278 <liquem
