<?xml version="1.0" encoding="UTF-8"?>
<!DOCTYPE html PUBLIC "-//W3C//DTD XHTML 1.0 Transitional//EN"
    "http://www.w3.org/TR/xhtml1/DTD/xhtml1-transitional.dtd">
<html xmlns="http://www.w3.org/1999/xhtml" xml:lang="en" lang="en">
 <head>
  <title>
</title>
<meta http-equiv="Content-Type" content="text/html;charset=utf-8" />
  <meta name='ocr-system' content='tesseract 3.04.00' />
  <meta name='ocr-capabilities' content='ocr_page ocr_carea ocr_par ocr_line ocrx_word'/>
</head>
<body>
  <div class='ocr_page' id='page_1' title='image "./dezenodotistudi00dngoog_0085.png"; bbox 0 0 2880 4888; ppageno 0'>
   <div class='ocr_carea' id='block_1_1' title="bbox 734 381 783 456">
    <p class='ocr_par' dir='ltr' id='par_1_1' title="bbox 734 381 783 456">
     <span class='ocr_line' id='line_1_1' title="bbox 734 381 783 456; baseline 0 0"><span class='ocrx_word' id='word_1_1' title='bbox 734 381 783 456; x_wconf 80' lang='lat'>68</span> 
     </span>
    </p>
   </div>
   <div class='ocr_carea' id='block_1_2' title="bbox 229 565 1288 2752">
    <p class='ocr_par' dir='ltr' id='par_1_2' title="bbox 232 565 1288 1522">
     <span class='ocr_line' id='line_1_2' title="bbox 289 565 1287 642; baseline -0.005 -15"><span class='ocrx_word' id='word_1_2' title='bbox 289 571 404 627; x_wconf 82' lang='lat' dir='ltr'>Doalern</span> <span class='ocrx_word' id='word_1_3' title='bbox 416 587 467 642; x_wconf 90' lang='lat' dir='ltr'>pro</span> <span class='ocrx_word' id='word_1_4' title='bbox 476 565 581 639; x_wconf 83' lang='lat' dir='ltr'>plurali</span> <span class='ocrx_word' id='word_1_5' title='bbox 594 565 682 639; x_wconf 86' lang='lat' dir='ltr'>posuit</span> <span class='ocrx_word' id='word_1_6' title='bbox 700 567 731 622; x_wconf 90' lang='lat' dir='ltr'>iis</span> <span class='ocrx_word' id='word_1_7' title='bbox 743 567 817 633; x_wconf 87' lang='lat' dir='ltr'>locis,</span> <span class='ocrx_word' id='word_1_8' title='bbox 835 565 881 621; x_wconf 89' lang='lat' dir='ltr'>ubi</span> <span class='ocrx_word' id='word_1_9' title='bbox 897 567 929 620; x_wconf 90' lang='lat' dir='ltr'>de</span> <span class='ocrx_word' id='word_1_10' title='bbox 943 567 1049 630; x_wconf 73' lang='lat' dir='ltr'>(luobus</span> <span class='ocrx_word' id='word_1_11' title='bbox 1063 569 1182 642; x_wconf 90' lang='lat' dir='ltr'>loquitur</span> <span class='ocrx_word' id='word_1_12' title='bbox 1198 583 1287 642; x_wconf 88' lang='lat' dir='ltr'>poeta.</span> 
     </span>
     <span class='ocr_line' id='line_1_3' title="bbox 234 651 1286 741; baseline -0.008 -25"><span class='ocrx_word' id='word_1_13' title='bbox 234 659 308 716; x_wconf 74' lang='lat' dir='ltr'>&#39;to’m</span> <span class='ocrx_word' id='word_1_14' title='bbox 320 660 423 731; x_wconf 88' lang='lat' dir='ltr'>scripsit</span> <span class='ocrx_word' id='word_1_15' title='bbox 436 677 485 728; x_wconf 79' lang='lat' dir='ltr'>pro</span> <span class='ocrx_word' id='word_1_16' title='bbox 500 651 581 716; x_wconf 68' lang='lat' dir='ltr'>lines</span> <span class='ocrx_word' id='word_1_17' title='bbox 594 655 614 720; x_wconf 69' lang='grc' dir='ltr'>ζ,</span> <span class='ocrx_word' id='word_1_18' title='bbox 632 656 691 712; x_wconf 76' lang='grc'><strong>121.</strong></span> <span class='ocrx_word' id='word_1_19' title='bbox 705 677 730 727; x_wconf 80' lang='grc' dir='ltr'>ρ,</span> <span class='ocrx_word' id='word_1_20' title='bbox 742 655 792 712; x_wconf 78' lang='grc'><strong>103</strong></span> <span class='ocrx_word' id='word_1_21' title='bbox 801 657 826 723; x_wconf 84' lang='lat'>⁷)</span> <span class='ocrx_word' id='word_1_22' title='bbox 841 657 923 724; x_wconf 89' lang='lat' dir='ltr'>(adde</span> <span class='ocrx_word' id='word_1_23' title='bbox 936 678 956 718; x_wconf 82' lang='lat' dir='ltr'>r,</span> <span class='ocrx_word' id='word_1_24' title='bbox 967 656 1030 713; x_wconf 82' lang='grc'>030.</span> <span class='ocrx_word' id='word_1_25' title='bbox 1039 681 1063 724; x_wconf 88' lang='grc' dir='ltr'>ν,</span> <span class='ocrx_word' id='word_1_26' title='bbox 1075 658 1137 714; x_wconf 64' lang='grc'><strong>004»</strong></span> <span class='ocrx_word' id='word_1_27' title='bbox 1148 681 1174 724; x_wconf 79' lang='lat' dir='ltr'>u,</span> <span class='ocrx_word' id='word_1_28' title='bbox 1185 660 1246 717; x_wconf 77' lang='grc'>462.</span> <span class='ocrx_word' id='word_1_29' title='bbox 1259 681 1286 741; x_wconf 58' lang='grc' dir='ltr'>ιι,</span> 
     </span>
     <span class='ocr_line' id='line_1_4' title="bbox 237 742 1288 820; baseline -0.004 -15"><span class='ocrx_word' id='word_1_30' title='bbox 237 748 296 805; x_wconf 77' lang='grc'><strong>176.</strong></span> <span class='ocrx_word' id='word_1_31' title='bbox 309 771 336 810; x_wconf 85' lang='grc' dir='ltr'>φ,</span> <span class='ocrx_word' id='word_1_32' title='bbox 349 745 443 811; x_wconf 62' lang='grc'><strong>1481,</strong></span> <span class='ocrx_word' id='word_1_33' title='bbox 454 743 516 800; x_wconf 77' lang='grc'><strong>218.</strong></span> <span class='ocrx_word' id='word_1_34' title='bbox 527 762 556 810; x_wconf 78' lang='grc' dir='ltr'>ψ,</span> <span class='ocrx_word' id='word_1_35' title='bbox 565 742 644 812; x_wconf 82' lang='grc'><strong>816),</strong></span> <span class='ocrx_word' id='word_1_36' title='bbox 666 749 768 805; x_wconf 73' lang='lat' dir='ltr'>utrem</span> <span class='ocrx_word' id='word_1_37' title='bbox 780 764 830 817; x_wconf 91' lang='lat' dir='ltr'>pro</span> <span class='ocrx_word' id='word_1_38' title='bbox 841 749 958 807; x_wconf 78' lang='grc' dir='ltr'><strong><em>μίνοντισ</em></strong></span> <span class='ocrx_word' id='word_1_39' title='bbox 969 748 992 811; x_wconf 83' lang='grc'>1,</span> <span class='ocrx_word' id='word_1_40' title='bbox 1003 744 1066 812; x_wconf 82' lang='grc'><strong>348,</strong></span> <span class='ocrx_word' id='word_1_41' title='bbox 1081 746 1218 800; x_wconf 65' lang='lat' dir='ltr'>‹tuta-taso</span> <span class='ocrx_word' id='word_1_42' title='bbox 1234 767 1288 820; x_wconf 87' lang='lat' dir='ltr'>pro</span> 
     </span>
     <span class='ocr_line' id='line_1_5' title="bbox 235 829 1287 904; baseline -0.003 -14"><span class='ocrx_word' id='word_1_43' title='bbox 235 835 289 890; x_wconf 74' lang='lat' dir='ltr'>dria</span> <span class='ocrx_word' id='word_1_44' title='bbox 302 834 395 892; x_wconf 76' lang='grc' dir='ltr'><strong><em>’ίσποινς</em></strong></span> <span class='ocrx_word' id='word_1_45' title='bbox 411 838 440 898; x_wconf 71' lang='grc' dir='ltr'>θ,</span> <span class='ocrx_word' id='word_1_46' title='bbox 450 831 544 898; x_wconf 62' lang='grc'><strong>2901),</strong></span> <span class='ocrx_word' id='word_1_47' title='bbox 561 829 633 902; x_wconf 73' lang='grc' dir='ltr'><strong><em>α’νίρι</em></strong></span> <span class='ocrx_word' id='word_1_48' title='bbox 647 829 753 898; x_wconf 82' lang='grc' dir='ltr'><strong><em>α’ρίστοι,</em></strong></span> <span class='ocrx_word' id='word_1_49' title='bbox 773 830 809 884; x_wconf 74' lang='lat' dir='ltr'>ule</span> <span class='ocrx_word' id='word_1_50' title='bbox 824 829 968 902; x_wconf 66' lang='grc' dir='ltr'><strong><em>ὑπερθύριον</em></strong></span> <span class='ocrx_word' id='word_1_51' title='bbox 987 853 1036 904; x_wconf 91' lang='lat' dir='ltr'>pro</span> <span class='ocrx_word' id='word_1_52' title='bbox 1050 830 1143 904; x_wconf 82' lang='grc' dir='ltr'><strong><em>α’νίρας</em></strong></span> <span class='ocrx_word' id='word_1_53' title='bbox 1154 832 1287 904; x_wconf 82' lang='grc' dir='ltr'><strong><em>α’ρίστοας,</em></strong></span> 
     </span>
     <span class='ocr_line' id='line_1_6' title="bbox 234 917 1286 993; baseline 0.004 -18"><span class='ocrx_word' id='word_1_54' title='bbox 234 917 467 992; x_wconf 59' lang='lat' dir='ltr'>statimstatic</span> <span class='ocrx_word' id='word_1_55' title='bbox 480 942 507 981; x_wconf 85' lang='grc' dir='ltr'>μ,</span> <span class='ocrx_word' id='word_1_56' title='bbox 519 920 619 992; x_wconf 74' lang='lat' dir='ltr'>tttsq.</span> <span class='ocrx_word' id='word_1_57' title='bbox 655 920 748 992; x_wconf 86' lang='lat' dir='ltr'>Neque</span> <span class='ocrx_word' id='word_1_58' title='bbox 760 921 863 988; x_wconf 89' lang='lat' dir='ltr'>dubito,</span> <span class='ocrx_word' id='word_1_59' title='bbox 882 921 948 993; x_wconf 87' lang='lat' dir='ltr'>quin</span> <span class='ocrx_word' id='word_1_60' title='bbox 963 920 1021 974; x_wconf 85' lang='lat' dir='ltr'>aliis</span> <span class='ocrx_word' id='word_1_61' title='bbox 1038 920 1112 986; x_wconf 89' lang='lat' dir='ltr'>locis,</span> <span class='ocrx_word' id='word_1_62' title='bbox 1130 933 1160 975; x_wconf 90' lang='lat' dir='ltr'>ut</span> <span class='ocrx_word' id='word_1_63' title='bbox 1178 943 1201 986; x_wconf 78' lang='lat' dir='ltr'>e,</span> <span class='ocrx_word' id='word_1_64' title='bbox 1220 921 1286 990; x_wconf 82' lang='grc'><strong>355,</strong></span> 
     </span>
     <span class='ocr_line' id='line_1_7' title="bbox 233 1007 1287 1081; baseline 0.001 -16"><span class='ocrx_word' id='word_1_65' title='bbox 233 1009 339 1065; x_wconf 79' lang='lat' dir='ltr'><strong>dualem</strong></span> <span class='ocrx_word' id='word_1_66' title='bbox 359 1007 546 1073; x_wconf 76' lang='lat' dir='ltr'>emendaverit,</span> <span class='ocrx_word' id='word_1_67' title='bbox 564 1026 598 1060; x_wconf 91' lang='lat' dir='ltr'>ne</span> <span class='ocrx_word' id='word_1_68' title='bbox 618 1011 790 1079; x_wconf 77' lang='lat' dir='ltr'>grammatica</span> <span class='ocrx_word' id='word_1_69' title='bbox 811 1009 902 1081; x_wconf 83' lang='lat' dir='ltr'>regula</span> <span class='ocrx_word' id='word_1_70' title='bbox 922 1009 1086 1075; x_wconf 78' lang='lat' dir='ltr'>laederetur3</span> <span class='ocrx_word' id='word_1_71' title='bbox 1104 1030 1166 1064; x_wconf 87' lang='lat' dir='ltr'>nam</span> <span class='ocrx_word' id='word_1_72' title='bbox 1185 1012 1212 1063; x_wconf 93' lang='lat' dir='ltr'>in</span> <span class='ocrx_word' id='word_1_73' title='bbox 1233 1031 1287 1066; x_wconf 86' lang='lat' dir='ltr'>no-</span> 
     </span>
     <span class='ocr_line' id='line_1_8' title="bbox 233 1095 1285 1166; baseline 0.002 -15"><span class='ocrx_word' id='word_1_74' title='bbox 233 1099 351 1151; x_wconf 84' lang='lat' dir='ltr'>minibus</span> <span class='ocrx_word' id='word_1_75' title='bbox 368 1096 474 1149; x_wconf 87' lang='lat' dir='ltr'>dualem</span> <span class='ocrx_word' id='word_1_76' title='bbox 494 1096 562 1148; x_wconf 86' lang='lat' dir='ltr'>bene</span> <span class='ocrx_word' id='word_1_77' title='bbox 581 1095 711 1164; x_wconf 70' lang='lat' dir='ltr'>distinxit,</span> <span class='ocrx_word' id='word_1_78' title='bbox 737 1117 791 1151; x_wconf 92' lang='lat' dir='ltr'>non</span> <span class='ocrx_word' id='word_1_79' title='bbox 818 1099 845 1151; x_wconf 92' lang='lat' dir='ltr'>in</span> <span class='ocrx_word' id='word_1_80' title='bbox 866 1099 1008 1152; x_wconf 85' lang='lat' dir='ltr'>rerhorum</span> <span class='ocrx_word' id='word_1_81' title='bbox 1027 1098 1130 1152; x_wconf 80' lang='lat' dir='ltr'>formis.</span> <span class='ocrx_word' id='word_1_82' title='bbox 1179 1099 1285 1166; x_wconf 81' lang='lat' dir='ltr'>Quodsi</span> 
     </span>
     <span class='ocr_line' id='line_1_9' title="bbox 233 1183 1285 1253; baseline 0.001 -14"><span class='ocrx_word' id='word_1_83' title='bbox 233 1186 388 1239; x_wconf 85' lang='lat' dir='ltr'>Zenodotus</span> <span class='ocrx_word' id='word_1_84' title='bbox 413 1196 439 1236; x_wconf 90' lang='lat' dir='ltr'>et</span> <span class='ocrx_word' id='word_1_85' title='bbox 459 1183 646 1253; x_wconf 74' lang='lat' dir='ltr'>Aristophanes</span> <span class='ocrx_word' id='word_1_86' title='bbox 664 1184 717 1238; x_wconf 88' lang='lat' dir='ltr'>Od.</span> <span class='ocrx_word' id='word_1_87' title='bbox 737 1207 762 1250; x_wconf 86' lang='lat' dir='ltr'>u,</span> <span class='ocrx_word' id='word_1_88' title='bbox 782 1186 818 1242; x_wconf 84' lang='lat'>38</span> <span class='ocrx_word' id='word_1_89' title='bbox 836 1190 968 1248; x_wconf 73' lang='lat' dir='ltr'>ntupum</span> <span class='ocrx_word' id='word_1_90' title='bbox 994 1203 1056 1239; x_wconf 85' lang='lat' dir='ltr'>cum</span> <span class='ocrx_word' id='word_1_91' title='bbox 1075 1185 1191 1239; x_wconf 89' lang='lat' dir='ltr'>editione</span> <span class='ocrx_word' id='word_1_92' title='bbox 1209 1186 1285 1240; x_wconf 86' lang='lat' dir='ltr'>Mas-</span> 
     </span>
     <span class='ocr_line' id='line_1_10' title="bbox 233 1261 1285 1344; baseline 0.002 -17"><span class='ocrx_word' id='word_1_93' title='bbox 233 1272 344 1327; x_wconf 89' lang='lat' dir='ltr'>siliotica</span> <span class='ocrx_word' id='word_1_94' title='bbox 364 1261 501 1342; x_wconf 81' lang='lat' dir='ltr'>legerunt,</span> <span class='ocrx_word' id='word_1_95' title='bbox 522 1266 596 1340; x_wconf 72' lang='grc' dir='ltr'><strong><em>ἠμιτς</em></strong></span> <span class='ocrx_word' id='word_1_96' title='bbox 613 1272 778 1344; x_wconf 89' lang='lat' dir='ltr'>interpretati</span> <span class='ocrx_word' id='word_1_97' title='bbox 799 1285 873 1327; x_wconf 86' lang='lat' dir='ltr'>sunt:</span> <span class='ocrx_word' id='word_1_98' title='bbox 899 1271 948 1339; x_wconf 74' lang='lat' dir='ltr'>tyri</span> <span class='ocrx_word' id='word_1_99' title='bbox 966 1277 1011 1325; x_wconf 80' lang='grc' dir='ltr'><strong><em>ναί</em></strong></span> <span class='ocrx_word' id='word_1_100' title='bbox 1028 1269 1102 1326; x_wconf 70' lang='grc' dir='ltr'><strong><em>ἄλλοι</em></strong></span> <span class='ocrx_word' id='word_1_101' title='bbox 1120 1279 1188 1340; x_wconf 72' lang='grc' dir='ltr'><strong><em>θεοί,</em></strong></span> <span class='ocrx_word' id='word_1_102' title='bbox 1208 1286 1237 1329; x_wconf 90' lang='lat' dir='ltr'>ut</span> <span class='ocrx_word' id='word_1_103' title='bbox 1254 1293 1285 1340; x_wconf 73' lang='grc' dir='ltr'>ψ,</span> 
     </span>
     <span class='ocr_line' id='line_1_11' title="bbox 232 1356 1283 1434; baseline -0.002 -17"><span class='ocrx_word' id='word_1_104' title='bbox 232 1360 286 1417; x_wconf 80' lang='grc'>443</span> <span class='ocrx_word' id='word_1_105' title='bbox 298 1360 404 1414; x_wconf 79' lang='lat' dir='ltr'>Scholia</span> <span class='ocrx_word' id='word_1_106' title='bbox 424 1356 622 1428; x_wconf 70' lang='grc' dir='ltr'>ἀποκηδήσαντε</span> <span class='ocrx_word' id='word_1_107' title='bbox 637 1358 777 1428; x_wconf 63' lang='grc' dir='ltr'>φερώμεθα</span> <span class='ocrx_word' id='word_1_108' title='bbox 796 1361 943 1434; x_wconf 81' lang='lat' dir='ltr'>explicant:</span> <span class='ocrx_word' id='word_1_109' title='bbox 960 1357 1008 1427; x_wconf 74' lang='lat' dir='ltr'>lyci</span> <span class='ocrx_word' id='word_1_110' title='bbox 1026 1381 1054 1413; x_wconf 83' lang='grc' dir='ltr'><strong><em>τε</em></strong></span> <span class='ocrx_word' id='word_1_111' title='bbox 1068 1356 1202 1428; x_wconf 72' lang='grc' dir='ltr'><strong><em>ιαίιῖριίς.</em></strong></span> <span class='ocrx_word' id='word_1_112' title='bbox 1239 1361 1283 1416; x_wconf 85' lang='lat' dir='ltr'>Cf.</span> 
     </span>
     <span class='ocr_line' id='line_1_12' title="bbox 232 1445 1194 1522; baseline -0.003 -20"><span class='ocrx_word' id='word_1_113' title='bbox 232 1469 312 1522; x_wconf 88' lang='lat' dir='ltr'>supra</span> <span class='ocrx_word' id='word_1_114' title='bbox 331 1448 354 1500; x_wconf 97' lang='grc'>11</span> <span class='ocrx_word' id='word_1_115' title='bbox 375 1459 429 1502; x_wconf 91' lang='lat' dir='ltr'>not.</span> <span class='ocrx_word' id='word_1_116' title='bbox 444 1447 489 1504; x_wconf 85' lang='grc'>59.</span> <span class='ocrx_word' id='word_1_117' title='bbox 524 1447 625 1500; x_wconf 88' lang='lat' dir='ltr'>Similis</span> <span class='ocrx_word' id='word_1_118' title='bbox 644 1449 710 1501; x_wconf 88' lang='lat' dir='ltr'>ratio</span> <span class='ocrx_word' id='word_1_119' title='bbox 729 1460 767 1503; x_wconf 86' lang='lat' dir='ltr'>est</span> <span class='ocrx_word' id='word_1_120' title='bbox 785 1449 932 1520; x_wconf 68' lang='lat' dir='ltr'>scripturae</span> <span class='ocrx_word' id='word_1_121' title='bbox 950 1445 1069 1509; x_wconf 80' lang='grc' dir='ltr'><strong><em>μίμνοντ’</em></strong></span> <span class='ocrx_word' id='word_1_122' title='bbox 1086 1453 1113 1512; x_wconf 78' lang='grc' dir='ltr'>β,</span> <span class='ocrx_word' id='word_1_123' title='bbox 1130 1448 1194 1505; x_wconf 78' lang='grc'><strong>297.</strong></span> 
     </span>
    </p>

    <p class='ocr_par' dir='ltr' id='par_1_3' title="bbox 231 1534 1283 2312">
     <span class='ocr_line' id='line_1_13' title="bbox 285 1534 1283 1607; baseline 0.001 -18"><span class='ocrx_word' id='word_1_124' title='bbox 285 1537 424 1590; x_wconf 83' lang='lat' dir='ltr'>Plurolern</span> <span class='ocrx_word' id='word_1_125' title='bbox 451 1554 501 1607; x_wconf 89' lang='lat' dir='ltr'>pro</span> <span class='ocrx_word' id='word_1_126' title='bbox 526 1536 662 1606; x_wconf 74' lang='lat' dir='ltr'>singulari</span> <span class='ocrx_word' id='word_1_127' title='bbox 680 1537 850 1590; x_wconf 85' lang='lat' dir='ltr'>Zenodotum</span> <span class='ocrx_word' id='word_1_128' title='bbox 878 1542 905 1602; x_wconf 83' lang='grc' dir='ltr'>β,</span> <span class='ocrx_word' id='word_1_129' title='bbox 928 1534 978 1591; x_wconf 88' lang='grc'>196</span> <span class='ocrx_word' id='word_1_130' title='bbox 1005 1555 1019 1590; x_wconf 91' lang='lat' dir='ltr'>e</span> <span class='ocrx_word' id='word_1_131' title='bbox 1042 1536 1118 1590; x_wconf 91' lang='lat' dir='ltr'>lihris</span> <span class='ocrx_word' id='word_1_132' title='bbox 1145 1535 1283 1590; x_wconf 86' lang='lat' dir='ltr'>retinuisse</span> 
     </span>
     <span class='ocr_line' id='line_1_14' title="bbox 232 1621 1282 1696; baseline 0 -18"><span class='ocrx_word' id='word_1_133' title='bbox 232 1644 312 1696; x_wconf 88' lang='lat' dir='ltr'>supra</span> <span class='ocrx_word' id='word_1_134' title='bbox 332 1643 355 1677; x_wconf 90' lang='lat' dir='ltr'>c.</span> <span class='ocrx_word' id='word_1_135' title='bbox 377 1621 401 1674; x_wconf 94' lang='lat' dir='ltr'>ll</span> <span class='ocrx_word' id='word_1_136' title='bbox 421 1623 541 1676; x_wconf 82' lang='lat' dir='ltr'>vidimus.</span> <span class='ocrx_word' id='word_1_137' title='bbox 578 1624 666 1694; x_wconf 86' lang='lat' dir='ltr'>Atque</span> <span class='ocrx_word' id='word_1_138' title='bbox 692 1623 822 1694; x_wconf 80' lang='lat' dir='ltr'>pluralem</span> <span class='ocrx_word' id='word_1_139' title='bbox 851 1624 914 1695; x_wconf 76' lang='lat' dir='ltr'>legit</span> <span class='ocrx_word' id='word_1_140' title='bbox 940 1623 1032 1677; x_wconf 74' lang='lat' dir='ltr'>Schol.</span> <span class='ocrx_word' id='word_1_141' title='bbox 1060 1644 1085 1679; x_wconf 81' lang='grc' dir='ltr'>α,</span> <span class='ocrx_word' id='word_1_142' title='bbox 1107 1623 1156 1679; x_wconf 80' lang='grc'>113</span> <span class='ocrx_word' id='word_1_143' title='bbox 1182 1625 1209 1678; x_wconf 88' lang='lat' dir='ltr'>in</span> <span class='ocrx_word' id='word_1_144' title='bbox 1235 1625 1282 1678; x_wconf 90' lang='lat' dir='ltr'>illo</span> 
     </span>
     <span class='ocr_line' id='line_1_15' title="bbox 233 1701 1282 1781; baseline -0.002 -17"><span class='ocrx_word' id='word_1_145' title='bbox 233 1731 318 1766; x_wconf 80' lang='lat' dir='ltr'>versu.</span> <span class='ocrx_word' id='word_1_146' title='bbox 360 1716 388 1761; x_wconf 92' lang='grc' dir='ltr'><strong><em>Γ</em></strong></span> <span class='ocrx_word' id='word_1_147' title='bbox 391 1749 399 1778; x_wconf 86' lang='lat'>,</span> <span class='ocrx_word' id='word_1_148' title='bbox 418 1710 454 1766; x_wconf 76' lang='grc'>28</span> <span class='ocrx_word' id='word_1_149' title='bbox 473 1711 651 1765; x_wconf 76' lang='lat' dir='ltr'>Aristonicus:</span> <span class='ocrx_word' id='word_1_150' title='bbox 672 1708 710 1763; x_wconf 90' lang='grc' dir='ltr'><em>Ἡ</em></span> <span class='ocrx_word' id='word_1_151' title='bbox 730 1715 811 1780; x_wconf 71' lang='grc' dir='ltr'><strong><em>διπλῆ</em></strong></span> <span class='ocrx_word' id='word_1_152' title='bbox 836 1715 1042 1780; x_wconf 67' lang='grc' dir='ltr'>περιεστιγμένη,</span> <span class='ocrx_word' id='word_1_153' title='bbox 1075 1701 1119 1763; x_wconf 71' lang='lat' dir='ltr'>iri</span> <span class='ocrx_word' id='word_1_154' title='bbox 1134 1709 1282 1781; x_wconf 76' lang='lat' dir='ltr'>quc&#39;doroc</span> 
     </span>
     <span class='ocr_line' id='line_1_16' title="bbox 231 1795 1281 1870; baseline 0.002 -20"><span class='ocrx_word' id='word_1_155' title='bbox 231 1801 323 1870; x_wconf 74' lang='grc' dir='ltr'><strong><em>γράφει</em></strong></span> <span class='ocrx_word' id='word_1_156' title='bbox 340 1795 481 1856; x_wconf 73' lang='grc' dir='ltr'><strong><em>α’λιίτας</em></strong></span> <span class='ocrx_word' id='word_1_157' title='bbox 501 1796 571 1864; x_wconf 79' lang='grc' dir='ltr'><strong><em>(α’ντί</em></strong></span> <span class='ocrx_word' id='word_1_158' title='bbox 587 1803 635 1850; x_wconf 74' lang='grc' dir='ltr'><strong><em>τοῦ</em></strong></span> <span class='ocrx_word' id='word_1_159' title='bbox 653 1797 767 1869; x_wconf 78' lang='grc' dir='ltr'><strong><em>α’λιίτην)</em></strong></span> <span class='ocrx_word' id='word_1_160' title='bbox 785 1797 833 1860; x_wconf 83' lang='grc' dir='ltr'><strong><em>τι1ς</em></strong></span> <span class='ocrx_word' id='word_1_161' title='bbox 850 1796 982 1870; x_wconf 59' lang='lat' dir='ltr'>damatus</span> <span class='ocrx_word' id='word_1_162' title='bbox 1000 1795 1175 1865; x_wconf 70' lang='grc' dir='ltr'><strong><em>ἐκλαμβάνων·</em></strong></span> <span class='ocrx_word' id='word_1_163' title='bbox 1194 1813 1281 1870; x_wconf 70' lang='grc' dir='ltr'><strong><em>κρείτ-</em></strong></span> 
     </span>
     <span class='ocr_line' id='line_1_17' title="bbox 231 1882 1283 1956; baseline 0.001 -17"><span class='ocrx_word' id='word_1_164' title='bbox 231 1908 278 1939; x_wconf 85' lang='grc' dir='ltr'><strong><em>·τον</em></strong></span> <span class='ocrx_word' id='word_1_165' title='bbox 296 1889 325 1937; x_wconf 76' lang='grc' dir='ltr'>δὲ</span> <span class='ocrx_word' id='word_1_166' title='bbox 343 1883 424 1936; x_wconf 78' lang='grc' dir='ltr'><strong><em>αοῖτδν</em></strong></span> <span class='ocrx_word' id='word_1_167' title='bbox 441 1882 487 1936; x_wconf 73' lang='lat' dir='ltr'>cdv</span> <span class='ocrx_word' id='word_1_168' title='bbox 505 1883 673 1954; x_wconf 72' lang='grc' dir='ltr'><strong><em>’Λλίξανδρσι</em></strong></span> <span class='ocrx_word' id='word_1_169' title='bbox 693 1889 815 1953; x_wconf 65' lang='grc' dir='ltr'>λέγεσθαι</span> <span class='ocrx_word' id='word_1_170' title='bbox 832 1885 945 1956; x_wconf 74' lang='grc' dir='ltr'><strong><em>α’λείτην.</em></strong></span> <span class='ocrx_word' id='word_1_171' title='bbox 982 1886 1018 1939; x_wconf 89' lang='lat' dir='ltr'>At</span> <span class='ocrx_word' id='word_1_172' title='bbox 1037 1886 1214 1941; x_wconf 72' lang='lat' dir='ltr'>Aristonicum</span> <span class='ocrx_word' id='word_1_173' title='bbox 1229 1889 1283 1940; x_wconf 81' lang='lat' dir='ltr'>Ze·</span> 
     </span>
     <span class='ocr_line' id='line_1_18' title="bbox 232 1970 1283 2044; baseline 0.001 -17"><span class='ocrx_word' id='word_1_174' title='bbox 232 1974 349 2038; x_wconf 83' lang='lat' dir='ltr'>nodato,</span> <span class='ocrx_word' id='word_1_175' title='bbox 379 1973 425 2044; x_wconf 89' lang='lat' dir='ltr'>qui</span> <span class='ocrx_word' id='word_1_176' title='bbox 452 1972 548 2042; x_wconf 81' lang='lat' dir='ltr'>plurali</span> <span class='ocrx_word' id='word_1_177' title='bbox 573 1992 635 2026; x_wconf 90' lang='lat' dir='ltr'>usus</span> <span class='ocrx_word' id='word_1_178' title='bbox 660 1974 706 2039; x_wconf 88' lang='lat' dir='ltr'>sit,</span> <span class='ocrx_word' id='word_1_179' title='bbox 733 1986 761 2028; x_wconf 91' lang='lat' dir='ltr'>ut</span> <span class='ocrx_word' id='word_1_180' title='bbox 781 1973 834 2027; x_wconf 87' lang='lat' dir='ltr'>Od.</span> <span class='ocrx_word' id='word_1_181' title='bbox 855 1995 877 2040; x_wconf 83' lang='lat' dir='ltr'>n,</span> <span class='ocrx_word' id='word_1_182' title='bbox 899 1975 962 2031; x_wconf 80' lang='lat' dir='ltr'>l2l=</span> <span class='ocrx_word' id='word_1_183' title='bbox 992 1970 1066 2025; x_wconf 79' lang='grc' dir='ltr'><strong><em>Φάτο</em></strong></span> <span class='ocrx_word' id='word_1_184' title='bbox 1083 1971 1136 2042; x_wconf 77' lang='lat' dir='ltr'>ydp</span> <span class='ocrx_word' id='word_1_185' title='bbox 1153 1980 1283 2028; x_wconf 73' lang='grc' dir='ltr'>τίσασθαι</span> 
     </span>
     <span class='ocr_line' id='line_1_19' title="bbox 232 2059 1282 2136; baseline 0.003 -23"><span class='ocrx_word' id='word_1_186' title='bbox 232 2060 350 2136; x_wconf 78' lang='grc' dir='ltr'><strong><em>α’ίιίτας,</em></strong></span> <span class='ocrx_word' id='word_1_187' title='bbox 370 2060 494 2114; x_wconf 87' lang='lat' dir='ltr'>iniuriam</span> <span class='ocrx_word' id='word_1_188' title='bbox 513 2061 614 2128; x_wconf 83' lang='lat' dir='ltr'>secisse,</span> <span class='ocrx_word' id='word_1_189' title='bbox 632 2061 685 2114; x_wconf 91' lang='lat' dir='ltr'>iam</span> <span class='ocrx_word' id='word_1_190' title='bbox 705 2059 824 2134; x_wconf 85' lang='lat' dir='ltr'>lleyuius</span> <span class='ocrx_word' id='word_1_191' title='bbox 843 2063 894 2129; x_wconf 90' lang='lat' dir='ltr'>(lV</span> <span class='ocrx_word' id='word_1_192' title='bbox 913 2082 939 2133; x_wconf 90' lang='lat' dir='ltr'>p.</span> <span class='ocrx_word' id='word_1_193' title='bbox 958 2062 1027 2130; x_wconf 86' lang='grc'><strong>455)</strong></span> <span class='ocrx_word' id='word_1_194' title='bbox 1046 2061 1160 2115; x_wconf 88' lang='lat' dir='ltr'>monuit.</span> <span class='ocrx_word' id='word_1_195' title='bbox 1190 2061 1282 2116; x_wconf 84' lang='lat' dir='ltr'>Zeno—</span> 
     </span>
     <span class='ocr_line' id='line_1_20' title="bbox 231 2148 1283 2221; baseline -0.002 -17"><span class='ocrx_word' id='word_1_196' title='bbox 231 2151 325 2204; x_wconf 90' lang='lat' dir='ltr'>dotum</span> <span class='ocrx_word' id='word_1_197' title='bbox 344 2150 416 2202; x_wconf 85' lang='lat' dir='ltr'>hunc</span> <span class='ocrx_word' id='word_1_198' title='bbox 441 2149 530 2202; x_wconf 91' lang='lat' dir='ltr'>locum</span> <span class='ocrx_word' id='word_1_199' title='bbox 549 2169 579 2202; x_wconf 80' lang='lat' dir='ltr'>ex</span> <span class='ocrx_word' id='word_1_200' title='bbox 609 2149 655 2202; x_wconf 89' lang='lat' dir='ltr'>illo</span> <span class='ocrx_word' id='word_1_201' title='bbox 674 2150 817 2205; x_wconf 79' lang='lat' dir='ltr'>correxisse</span> <span class='ocrx_word' id='word_1_202' title='bbox 836 2151 874 2204; x_wconf 78' lang='lat' dir='ltr'>ria</span> <span class='ocrx_word' id='word_1_203' title='bbox 891 2150 1017 2216; x_wconf 86' lang='lat' dir='ltr'>credam,</span> <span class='ocrx_word' id='word_1_204' title='bbox 1046 2160 1073 2203; x_wconf 85' lang='lat' dir='ltr'>at</span> <span class='ocrx_word' id='word_1_205' title='bbox 1094 2159 1210 2221; x_wconf 85' lang='lat' dir='ltr'>praestat</span> <span class='ocrx_word' id='word_1_206' title='bbox 1226 2148 1283 2202; x_wconf 87' lang='lat' dir='ltr'>sin-</span> 
     </span>
     <span class='ocr_line' id='line_1_21' title="bbox 231 2235 460 2312; baseline -0.013 -20"><span class='ocrx_word' id='word_1_207' title='bbox 231 2239 330 2312; x_wconf 80' lang='lat' dir='ltr'>gularis</span> <span class='ocrx_word' id='word_1_208' title='bbox 348 2235 460 2308; x_wconf 84' lang='grc' dir='ltr'><strong><em>α’ίείτην.</em></strong></span> 
     </span>
    </p>

    <p class='ocr_par' dir='ltr' id='par_1_4' title="bbox 229 2322 1282 2752">
     <span class='ocr_line' id='line_1_22' title="bbox 286 2322 1281 2399; baseline -0.006 -19"><span class='ocrx_word' id='word_1_209' title='bbox 286 2327 452 2381; x_wconf 77' lang='lat' dir='ltr'>Accedamus</span> <span class='ocrx_word' id='word_1_210' title='bbox 470 2326 503 2380; x_wconf 85' lang='lat' dir='ltr'>ad</span> <span class='ocrx_word' id='word_1_211' title='bbox 524 2345 605 2380; x_wconf 86' lang='lat' dir='ltr'>rusus</span> <span class='ocrx_word' id='word_1_212' title='bbox 628 2327 777 2394; x_wconf 84' lang='lat' dir='ltr'>nominum,</span> <span class='ocrx_word' id='word_1_213' title='bbox 806 2338 886 2399; x_wconf 89' lang='lat' dir='ltr'>atque</span> <span class='ocrx_word' id='word_1_214' title='bbox 910 2326 1027 2397; x_wconf 88' lang='lat' dir='ltr'>primum</span> <span class='ocrx_word' id='word_1_215' title='bbox 1054 2324 1089 2378; x_wconf 92' lang='lat' dir='ltr'>de</span> <span class='ocrx_word' id='word_1_216' title='bbox 1116 2322 1281 2376; x_wconf 83' lang='lat' dir='ltr'>nominativo</span> 
     </span>
     <span class='ocr_line' id='line_1_23' title="bbox 230 2409 1282 2488; baseline 0.002 -24"><span class='ocrx_word' id='word_1_217' title='bbox 230 2413 374 2468; x_wconf 78' lang='lat' dir='ltr'>rideamus.</span> <span class='ocrx_word' id='word_1_218' title='bbox 415 2419 447 2480; x_wconf 90' lang='grc' dir='ltr'>Γ,</span> <span class='ocrx_word' id='word_1_219' title='bbox 474 2416 505 2470; x_wconf 90' lang='grc'>51</span> <span class='ocrx_word' id='word_1_220' title='bbox 533 2416 688 2470; x_wconf 88' lang='lat' dir='ltr'>Zenodotus</span> <span class='ocrx_word' id='word_1_221' title='bbox 711 2425 852 2487; x_wconf 79' lang='grc' dir='ltr'><strong><em>αατηοιίη.</em></strong></span> <span class='ocrx_word' id='word_1_222' title='bbox 875 2414 1080 2488; x_wconf 78' lang='lat' dir='ltr'>Aristophanes,</span> <span class='ocrx_word' id='word_1_223' title='bbox 1108 2409 1282 2480; x_wconf 76' lang='lat' dir='ltr'>Aristarchus,</span> 
     </span>
     <span class='ocr_line' id='line_1_24' title="bbox 230 2501 1281 2575; baseline -0.002 -20"><span class='ocrx_word' id='word_1_224' title='bbox 230 2502 372 2574; x_wconf 79' lang='lat' dir='ltr'>Sosigenes</span> <span class='ocrx_word' id='word_1_225' title='bbox 390 2514 416 2556; x_wconf 90' lang='lat' dir='ltr'>et</span> <span class='ocrx_word' id='word_1_226' title='bbox 430 2521 523 2556; x_wconf 90' lang='lat' dir='ltr'>omnes</span> <span class='ocrx_word' id='word_1_227' title='bbox 543 2504 598 2556; x_wconf 82' lang='lat' dir='ltr'>tere</span> <span class='ocrx_word' id='word_1_228' title='bbox 609 2509 782 2575; x_wconf 80' lang='grc' dir='ltr'><strong><em>χαριίσταται</em></strong></span> <span class='ocrx_word' id='word_1_229' title='bbox 800 2511 949 2575; x_wconf 77' lang='grc' dir='ltr'><strong><em>κατηφείην.</em></strong></span> <span class='ocrx_word' id='word_1_230' title='bbox 984 2503 1065 2557; x_wconf 85' lang='lat' dir='ltr'>Recte</span> <span class='ocrx_word' id='word_1_231' title='bbox 1076 2501 1198 2572; x_wconf 84' lang='lat' dir='ltr'>Spitaner</span> <span class='ocrx_word' id='word_1_232' title='bbox 1213 2519 1281 2554; x_wconf 84' lang='lat' dir='ltr'>con-</span> 
     </span>
     <span class='ocr_line' id='line_1_25' title="bbox 229 2589 1276 2664; baseline -0.003 -20"><span class='ocrx_word' id='word_1_233' title='bbox 229 2601 270 2650; x_wconf 85' lang='lat' dir='ltr'>tra</span> <span class='ocrx_word' id='word_1_234' title='bbox 289 2591 423 2662; x_wconf 86' lang='lat' dir='ltr'>lleynium</span> <span class='ocrx_word' id='word_1_235' title='bbox 442 2593 494 2657; x_wconf 90' lang='lat' dir='ltr'>(lV</span> <span class='ocrx_word' id='word_1_236' title='bbox 514 2613 540 2662; x_wconf 93' lang='lat' dir='ltr'>p.</span> <span class='ocrx_word' id='word_1_237' title='bbox 552 2592 605 2648; x_wconf 83' lang='grc'>460</span> <span class='ocrx_word' id='word_1_238' title='bbox 619 2596 673 2664; x_wconf 88' lang='lat' dir='ltr'>sq.)</span> <span class='ocrx_word' id='word_1_239' title='bbox 693 2604 793 2658; x_wconf 89' lang='lat' dir='ltr'>monet,</span> <span class='ocrx_word' id='word_1_240' title='bbox 813 2613 902 2648; x_wconf 76' lang='lat' dir='ltr'>versus</span> <span class='ocrx_word' id='word_1_241' title='bbox 920 2592 955 2646; x_wconf 88' lang='grc'>50</span> <span class='ocrx_word' id='word_1_242' title='bbox 969 2603 995 2646; x_wconf 85' lang='lat' dir='ltr'>et</span> <span class='ocrx_word' id='word_1_243' title='bbox 1013 2591 1046 2647; x_wconf 87' lang='grc'>51</span> <span class='ocrx_word' id='word_1_244' title='bbox 1067 2590 1184 2658; x_wconf 78' lang='lat' dir='ltr'>absolute</span> <span class='ocrx_word' id='word_1_245' title='bbox 1201 2589 1276 2661; x_wconf 92' lang='lat' dir='ltr'>poni,</span> 
     </span>
     <span class='ocr_line' id='line_1_26' title="bbox 230 2677 1279 2752; baseline 0.001 -23"><span class='ocrx_word' id='word_1_246' title='bbox 230 2697 318 2749; x_wconf 88' lang='lat' dir='ltr'>neque</span> <span class='ocrx_word' id='word_1_247' title='bbox 337 2680 369 2731; x_wconf 90' lang='lat' dir='ltr'>ad</span> <span class='ocrx_word' id='word_1_248' title='bbox 390 2679 585 2745; x_wconf 76' lang='lat' dir='ltr'>Alexandrum,</span> <span class='ocrx_word' id='word_1_249' title='bbox 604 2699 693 2752; x_wconf 88' lang='lat' dir='ltr'>neque</span> <span class='ocrx_word' id='word_1_250' title='bbox 712 2683 744 2749; x_wconf 88' lang='lat' dir='ltr'>ad</span> <span class='ocrx_word' id='word_1_251' title='bbox 765 2681 892 2734; x_wconf 84' lang='lat' dir='ltr'>Helenam</span> <span class='ocrx_word' id='word_1_252' title='bbox 912 2680 1024 2746; x_wconf 80' lang='lat' dir='ltr'>referri,</span> <span class='ocrx_word' id='word_1_253' title='bbox 1042 2681 1087 2732; x_wconf 89' lang='lat' dir='ltr'>sed</span> <span class='ocrx_word' id='word_1_254' title='bbox 1106 2677 1279 2750; x_wconf 78' lang='lat' dir='ltr'>appositionis</span> 
     </span>
    </p>
   </div>
   <div class='ocr_carea' id='block_1_3' title="bbox 229 2755 1281 3019">
    <p class='ocr_par' dir='ltr' id='par_1_5' title="bbox 229 2755 1281 3019">
     <span class='ocr_line' id='line_1_27' title="bbox 229 2755 1281 2840; baseline -0.002 -20"><span class='ocrx_word' id='word_1_255' title='bbox 229 2767 291 2820; x_wconf 89' lang='lat' dir='ltr'>loco</span> <span class='ocrx_word' id='word_1_256' title='bbox 304 2769 474 2838; x_wconf 89' lang='lat' dir='ltr'>praecedenti</span> <span class='ocrx_word' id='word_1_257' title='bbox 488 2755 670 2826; x_wconf 83' lang='lat' dir='ltr'>enunciationi</span> <span class='ocrx_word' id='word_1_258' title='bbox 680 2770 798 2840; x_wconf 84' lang='lat' dir='ltr'>adiungi,</span> <span class='ocrx_word' id='word_1_259' title='bbox 818 2783 846 2824; x_wconf 90' lang='lat' dir='ltr'>ut</span> <span class='ocrx_word' id='word_1_260' title='bbox 857 2770 910 2823; x_wconf 92' lang='lat' dir='ltr'>Od.</span> <span class='ocrx_word' id='word_1_261' title='bbox 922 2768 942 2835; x_wconf 68' lang='grc' dir='ltr'>ζ,</span> <span class='ocrx_word' id='word_1_262' title='bbox 956 2768 1014 2824; x_wconf 82' lang='lat'>184.</span> <span class='ocrx_word' id='word_1_263' title='bbox 1050 2768 1086 2822; x_wconf 92' lang='lat' dir='ltr'>At</span> <span class='ocrx_word' id='word_1_264' title='bbox 1096 2787 1178 2840; x_wconf 91' lang='lat' dir='ltr'>quum</span> <span class='ocrx_word' id='word_1_265' title='bbox 1189 2786 1281 2838; x_wconf 78' lang='lat' dir='ltr'>gram-</span> 
     </span>
     <span class='ocr_line' id='line_1_28' title="bbox 229 2855 1278 2930; baseline 0.001 -23"><span class='ocrx_word' id='word_1_266' title='bbox 229 2856 318 2908; x_wconf 88' lang='lat' dir='ltr'>matici</span> <span class='ocrx_word' id='word_1_267' title='bbox 330 2855 418 2910; x_wconf 85' lang='lat' dir='ltr'>adhuc</span> <span class='ocrx_word' id='word_1_268' title='bbox 431 2867 541 2921; x_wconf 88' lang='lat' dir='ltr'>certent,</span> <span class='ocrx_word' id='word_1_269' title='bbox 561 2870 651 2911; x_wconf 89' lang='lat' dir='ltr'>utrum</span> <span class='ocrx_word' id='word_1_270' title='bbox 665 2859 692 2911; x_wconf 89' lang='lat' dir='ltr'>in</span> <span class='ocrx_word' id='word_1_271' title='bbox 706 2859 801 2914; x_wconf 85' lang='lat' dir='ltr'>talibus</span> <span class='ocrx_word' id='word_1_272' title='bbox 816 2858 1028 2930; x_wconf 90' lang='lat' dir='ltr'>appositionibus</span> <span class='ocrx_word' id='word_1_273' title='bbox 1041 2856 1225 2922; x_wconf 75' lang='lat' dir='ltr'>nominativos,</span> <span class='ocrx_word' id='word_1_274' title='bbox 1244 2875 1278 2908; x_wconf 92' lang='lat' dir='ltr'>an</span> 
     </span>
     <span class='ocr_line' id='line_1_29' title="bbox 229 2943 1279 3019; baseline 0.001 -23"><span class='ocrx_word' id='word_1_275' title='bbox 229 2944 394 2997; x_wconf 81' lang='lat' dir='ltr'>accusativus</span> <span class='ocrx_word' id='word_1_276' title='bbox 414 2943 602 3014; x_wconf 73' lang='lat' dir='ltr'>postulatur9),</span> <span class='ocrx_word' id='word_1_277' title='bbox 622 2965 664 3000; x_wconf 89' lang='lat' dir='ltr'>me</span> <span class='ocrx_word' id='word_1_278' title='bbox 683 2966 744 3000; x_wconf 78' lang='lat' dir='ltr'>vero</span> <span class='ocrx_word' id='word_1_279' title='bbox 759 2947 848 3001; x_wconf 85' lang='lat' dir='ltr'>iudice</span> <span class='ocrx_word' id='word_1_280' title='bbox 862 2959 974 3019; x_wconf 89' lang='lat' dir='ltr'>uterque</span> <span class='ocrx_word' id='word_1_281' title='bbox 985 2945 1149 3012; x_wconf 86' lang='lat' dir='ltr'>admittatur,</span> <span class='ocrx_word' id='word_1_282' title='bbox 1167 2961 1221 2997; x_wconf 91' lang='lat' dir='ltr'>non</span> <span class='ocrx_word' id='word_1_283' title='bbox 1239 2945 1279 2997; x_wconf 79' lang='lat' dir='ltr'>ri-</span> 
     </span>
    </p>
   </div>
   <div class='ocr_carea' id='block_1_4' title="bbox 226 3107 1280 3768">
    <p class='ocr_par' dir='ltr' id='par_1_6' title="bbox 226 3107 1280 3684">
     <span class='ocr_line' id='line_1_30' title="bbox 228 3107 1275 3186; baseline -0.002 -23"><span class='ocrx_word' id='word_1_284' title='bbox 228 3113 379 3180; x_wconf 76' lang='grc' dir='ltr'><strong><em>δηίοῦσθαι</em></strong></span> <span class='ocrx_word' id='word_1_285' title='bbox 396 3107 445 3180; x_wconf 75' lang='grc' dir='ltr'>τήν</span> <span class='ocrx_word' id='word_1_286' title='bbox 463 3114 508 3162; x_wconf 74' lang='grc' dir='ltr'>νῦν</span> <span class='ocrx_word' id='word_1_287' title='bbox 526 3109 645 3179; x_wconf 78' lang='grc' dir='ltr'><strong><em>Ἀμισόν,</em></strong></span> <span class='ocrx_word' id='word_1_288' title='bbox 674 3133 728 3168; x_wconf 91' lang='lat' dir='ltr'>non</span> <span class='ocrx_word' id='word_1_289' title='bbox 752 3135 781 3168; x_wconf 81' lang='lat' dir='ltr'>ex</span> <span class='ocrx_word' id='word_1_290' title='bbox 809 3115 866 3186; x_wconf 86' lang='lat' dir='ltr'>ipso</span> <span class='ocrx_word' id='word_1_291' title='bbox 884 3111 1031 3166; x_wconf 84' lang='lat' dir='ltr'>Zenodoto-</span> <span class='ocrx_word' id='word_1_292' title='bbox 1052 3107 1153 3174; x_wconf 86' lang='lat' dir='ltr'>hausit,</span> <span class='ocrx_word' id='word_1_293' title='bbox 1180 3109 1227 3164; x_wconf 90' lang='lat' dir='ltr'>sed</span> <span class='ocrx_word' id='word_1_294' title='bbox 1246 3129 1275 3162; x_wconf 83' lang='lat' dir='ltr'>ex</span> 
     </span>
     <span class='ocr_line' id='line_1_31' title="bbox 228 3178 1279 3272; baseline -0.004 -38"><span class='ocrx_word' id='word_1_295' title='bbox 228 3183 274 3250; x_wconf 92' lang='lat' dir='ltr'>iis,</span> <span class='ocrx_word' id='word_1_296' title='bbox 314 3183 339 3234; x_wconf 92' lang='lat' dir='ltr'>ui</span> <span class='ocrx_word' id='word_1_297' title='bbox 359 3183 410 3237; x_wconf 83' lang='lat' dir='ltr'>lanc</span> <span class='ocrx_word' id='word_1_298' title='bbox 425 3182 705 3240; x_wconf 84' lang='lat' dir='ltr'>modn.Zenodoteam</span> <span class='ocrx_word' id='word_1_299' title='bbox 724 3189 885 3258; x_wconf 90' lang='lat' dir='ltr'>scripturam</span> <span class='ocrx_word' id='word_1_300' title='bbox 905 3183 1080 3272; x_wconf 72' lang='lat' dir='ltr'>explicabant.</span> <span class='ocrx_word' id='word_1_301' title='bbox 1117 3178 1279 3252; x_wconf 82' lang='lat' dir='ltr'>Langiuslll</span> 
     </span>
     <span class='ocr_line' id='line_1_32' title="bbox 228 3203 1280 3328; baseline -0.005 -18"><span class='ocrx_word' id='word_1_302' title='bbox 228 3275 255 3326; x_wconf 89' lang='lat' dir='ltr'>p.</span> <span class='ocrx_word' id='word_1_303' title='bbox 275 3203 318 3320; x_wconf 80' lang='grc'>24,</span> <span class='ocrx_word' id='word_1_304' title='bbox 339 3255 384 3326; x_wconf 82' lang='grc' dir='ltr'>(ηαί</span> <span class='ocrx_word' id='word_1_305' title='bbox 403 3255 573 3308; x_wconf 89' lang='lat' dir='ltr'>Zenodotum</span> <span class='ocrx_word' id='word_1_306' title='bbox 592 3258 728 3328; x_wconf 85' lang='lat' dir='ltr'>sequitur,</span> <span class='ocrx_word' id='word_1_307' title='bbox 756 3278 810 3311; x_wconf 94' lang='lat' dir='ltr'>non</span> <span class='ocrx_word' id='word_1_308' title='bbox 838 3254 914 3324; x_wconf 86' lang='lat' dir='ltr'>vidit,</span> <span class='ocrx_word' id='word_1_309' title='bbox 945 3259 1035 3308; x_wconf 79' lang='lat' dir='ltr'>Ertrot</span> <span class='ocrx_word' id='word_1_310' title='bbox 1061 3272 1115 3305; x_wconf 87' lang='lat' dir='ltr'>esse</span> <span class='ocrx_word' id='word_1_311' title='bbox 1137 3253 1212 3305; x_wconf 91' lang='lat' dir='ltr'>urbis</span> <span class='ocrx_word' id='word_1_312' title='bbox 1229 3271 1280 3305; x_wconf 89' lang='lat' dir='ltr'>no·</span> 
     </span>
     <span class='ocr_line' id='line_1_33' title="bbox 227 3322 1278 3397; baseline -0.002 -19"><span class='ocrx_word' id='word_1_313' title='bbox 227 3347 301 3391; x_wconf 91' lang='lat' dir='ltr'>men,</span> <span class='ocrx_word' id='word_1_314' title='bbox 320 3338 348 3379; x_wconf 90' lang='lat' dir='ltr'>ut</span> <span class='ocrx_word' id='word_1_315' title='bbox 368 3324 520 3396; x_wconf 77' lang='grc' dir='ltr'><strong><em>Ἀραχωτοί,</em></strong></span> <span class='ocrx_word' id='word_1_316' title='bbox 536 3333 680 3397; x_wconf 80' lang='grc' dir='ltr'><strong><em>Φωροαμοί,</em></strong></span> <span class='ocrx_word' id='word_1_317' title='bbox 697 3334 803 3393; x_wconf 77' lang='grc' dir='ltr'><strong><em>Λουσοί,</em></strong></span> <span class='ocrx_word' id='word_1_318' title='bbox 823 3332 926 3391; x_wconf 66' lang='grc' dir='ltr'><strong><em>Δελφοί,</em></strong></span> <span class='ocrx_word' id='word_1_319' title='bbox 964 3326 1020 3380; x_wconf 88' lang='lat' dir='ltr'>Alia</span> <span class='ocrx_word' id='word_1_320' title='bbox 1040 3325 1114 3377; x_wconf 87' lang='lat' dir='ltr'>dabit</span> <span class='ocrx_word' id='word_1_321' title='bbox 1131 3322 1278 3377; x_wconf 85' lang='lat' dir='ltr'>Lobecltius</span> 
     </span>
     <span class='ocr_line' id='line_1_34' title="bbox 227 3396 1279 3472; baseline 0 -22"><span class='ocrx_word' id='word_1_322' title='bbox 227 3397 363 3468; x_wconf 87' lang='lat' dir='ltr'>Paralipp.</span> <span class='ocrx_word' id='word_1_323' title='bbox 384 3419 409 3468; x_wconf 90' lang='lat' dir='ltr'>p.</span> <span class='ocrx_word' id='word_1_324' title='bbox 428 3398 489 3454; x_wconf 87' lang='grc'>304.</span> <span class='ocrx_word' id='word_1_325' title='bbox 526 3400 615 3472; x_wconf 82' lang='lat' dir='ltr'>Atque</span> <span class='ocrx_word' id='word_1_326' title='bbox 638 3403 710 3472; x_wconf 87' lang='lat' dir='ltr'>qnod</span> <span class='ocrx_word' id='word_1_327' title='bbox 727 3402 800 3455; x_wconf 86' lang='lat' dir='ltr'>addit</span> <span class='ocrx_word' id='word_1_328' title='bbox 818 3401 943 3472; x_wconf 75' lang='lat' dir='ltr'>Largius,</span> <span class='ocrx_word' id='word_1_329' title='bbox 961 3400 1083 3468; x_wconf 87' lang='lat' dir='ltr'>ineptum</span> <span class='ocrx_word' id='word_1_330' title='bbox 1101 3415 1156 3458; x_wconf 82' lang='lat' dir='ltr'>esse</span> <span class='ocrx_word' id='word_1_331' title='bbox 1175 3396 1279 3450; x_wconf 88' lang='lat' dir='ltr'>dicere:</span> 
     </span>
     <span class='ocr_line' id='line_1_35' title="bbox 226 3467 1280 3541; baseline -0.001 -21"><span class='ocrx_word' id='word_1_332' title='bbox 226 3469 414 3539; x_wconf 86' lang='lat' dir='ltr'>Paphlagones</span> <span class='ocrx_word' id='word_1_333' title='bbox 432 3471 503 3523; x_wconf 80' lang='lat' dir='ltr'>duxit</span> <span class='ocrx_word' id='word_1_334' title='bbox 522 3471 696 3541; x_wconf 86' lang='lat' dir='ltr'>Pylaemenes</span> <span class='ocrx_word' id='word_1_335' title='bbox 715 3494 743 3526; x_wconf 83' lang='lat' dir='ltr'>er</span> <span class='ocrx_word' id='word_1_336' title='bbox 763 3473 928 3526; x_wconf 87' lang='lat' dir='ltr'>llenetorum</span> <span class='ocrx_word' id='word_1_337' title='bbox 947 3468 1042 3534; x_wconf 79' lang='lat' dir='ltr'>terra,’&#39;</span> <span class='ocrx_word' id='word_1_338' title='bbox 1060 3487 1115 3520; x_wconf 91' lang='lat' dir='ltr'>oon</span> <span class='ocrx_word' id='word_1_339' title='bbox 1134 3468 1207 3533; x_wconf 81' lang='lat' dir='ltr'>vidit,</span> <span class='ocrx_word' id='word_1_340' title='bbox 1225 3467 1280 3520; x_wconf 85' lang='lat' dir='ltr'>lle-</span> 
     </span>
     <span class='ocr_line' id='line_1_36' title="bbox 228 3539 1279 3612; baseline 0 -22"><span class='ocrx_word' id='word_1_341' title='bbox 228 3550 304 3592; x_wconf 88' lang='lat' dir='ltr'>netos</span> <span class='ocrx_word' id='word_1_342' title='bbox 321 3551 422 3609; x_wconf 87' lang='lat' dir='ltr'>partem</span> <span class='ocrx_word' id='word_1_343' title='bbox 443 3541 641 3612; x_wconf 77' lang='lat' dir='ltr'>Paphlagoniae</span> <span class='ocrx_word' id='word_1_344' title='bbox 667 3564 722 3596; x_wconf 84' lang='lat' dir='ltr'>esse</span> <span class='ocrx_word' id='word_1_345' title='bbox 742 3546 873 3612; x_wconf 88' lang='lat' dir='ltr'>potuisse,</span> <span class='ocrx_word' id='word_1_346' title='bbox 900 3542 962 3596; x_wconf 78' lang='lat' dir='ltr'>uiris</span> <span class='ocrx_word' id='word_1_347' title='bbox 982 3540 1151 3594; x_wconf 78' lang='lat' dir='ltr'>ferocissimis</span> <span class='ocrx_word' id='word_1_348' title='bbox 1168 3539 1279 3592; x_wconf 72' lang='lat' dir='ltr'>fortissi-</span> 
     </span>
     <span class='ocr_line' id='line_1_37' title="bbox 227 3610 1093 3684; baseline 0 -22"><span class='ocrx_word' id='word_1_349' title='bbox 227 3610 331 3679; x_wconf 87' lang='lat' dir='ltr'>misque</span> <span class='ocrx_word' id='word_1_350' title='bbox 352 3611 493 3681; x_wconf 83' lang='lat' dir='ltr'>insignem.</span> <span class='ocrx_word' id='word_1_351' title='bbox 531 3613 584 3665; x_wconf 87' lang='lat' dir='ltr'>Sed</span> <span class='ocrx_word' id='word_1_352' title='bbox 605 3614 637 3666; x_wconf 94' lang='lat' dir='ltr'>de</span> <span class='ocrx_word' id='word_1_353' title='bbox 656 3617 723 3668; x_wconf 90' lang='lat' dir='ltr'>urhe</span> <span class='ocrx_word' id='word_1_354' title='bbox 741 3613 836 3668; x_wconf 74' lang='grc' dir='ltr'><strong><em>Ἐνετοί</em></strong></span> <span class='ocrx_word' id='word_1_355' title='bbox 854 3615 971 3684; x_wconf 80' lang='lat' dir='ltr'>cogitare</span> <span class='ocrx_word' id='word_1_356' title='bbox 992 3612 1093 3666; x_wconf 84' lang='lat' dir='ltr'>malim.</span> 
     </span>
    </p>

    <p class='ocr_par' dir='ltr' id='par_1_7' title="bbox 280 3681 1279 3768">
     <span class='ocr_line' id='line_1_38' title="bbox 280 3681 1279 3768; baseline -0.003 -33"><span class='ocrx_word' id='word_1_357' title='bbox 280 3683 312 3741; x_wconf 80' lang='lat' dir='ltr'>&#39;tt</span> <span class='ocrx_word' id='word_1_358' title='bbox 332 3681 513 3734; x_wconf 85' lang='lat' dir='ltr'>Aristarchum</span> <span class='ocrx_word' id='word_1_359' title='bbox 532 3683 560 3735; x_wconf 94' lang='lat' dir='ltr'>in</span> <span class='ocrx_word' id='word_1_360' title='bbox 579 3683 660 3737; x_wconf 86' lang='lat' dir='ltr'>altera</span> <span class='ocrx_word' id='word_1_361' title='bbox 680 3686 796 3740; x_wconf 90' lang='lat' dir='ltr'>editione</span> <span class='ocrx_word' id='word_1_362' title='bbox 823 3688 889 3738; x_wconf 76' lang='lat' dir='ltr'>livre</span> <span class='ocrx_word' id='word_1_363' title='bbox 908 3683 1037 3755; x_wconf 87' lang='lat' dir='ltr'>recepisse</span> <span class='ocrx_word' id='word_1_364' title='bbox 1057 3701 1118 3734; x_wconf 92' lang='lat' dir='ltr'>cum</span> <span class='ocrx_word' id='word_1_365' title='bbox 1138 3681 1279 3768; x_wconf 85' lang='lat' dir='ltr'>Spitanero</span> 
     </span>
    </p>
   </div>
   <div class='ocr_carea' id='block_1_5' title="bbox 122 3752 1277 3829">
    <p class='ocr_par' dir='ltr' id='par_1_8' title="bbox 122 3752 1277 3829">
     <span class='ocr_line' id='line_1_39' title="bbox 122 3752 1277 3829; baseline -0.003 -24"><span class='ocrx_word' id='word_1_366' title='bbox 122 3775 127 3778; x_wconf 95' lang='lat'>·</span> <span class='ocrx_word' id='word_1_367' title='bbox 226 3753 374 3806; x_wconf 87' lang='lat' dir='ltr'>statuimus.</span> <span class='ocrx_word' id='word_1_368' title='bbox 411 3752 502 3806; x_wconf 89' lang='lat' dir='ltr'>Schol.</span> <span class='ocrx_word' id='word_1_369' title='bbox 528 3755 585 3820; x_wconf 80' lang='lat' dir='ltr'>Le,</span> <span class='ocrx_word' id='word_1_370' title='bbox 605 3755 671 3810; x_wconf 83' lang='grc' dir='ltr'>03οε</span> <span class='ocrx_word' id='word_1_371' title='bbox 699 3754 740 3810; x_wconf 81' lang='grc' dir='ltr'>Ἐν</span> <span class='ocrx_word' id='word_1_372' title='bbox 762 3762 800 3829; x_wconf 77' lang='grc' dir='ltr'><strong><em>τῇ</em></strong></span> <span class='ocrx_word' id='word_1_373' title='bbox 822 3759 896 3826; x_wconf 76' lang='grc' dir='ltr'><strong><em>ίτίρρ</em></strong></span> <span class='ocrx_word' id='word_1_374' title='bbox 915 3754 1117 3826; x_wconf 76' lang='grc' dir='ltr'>(Ἀριστάρχου)</span> <span class='ocrx_word' id='word_1_375' title='bbox 1141 3758 1207 3804; x_wconf 80' lang='lat' dir='ltr'>torre</span> <span class='ocrx_word' id='word_1_376' title='bbox 1226 3764 1277 3803; x_wconf 71' lang='grc' dir='ltr'><strong><em>κοί·</em></strong></span> 
     </span>
    </p>
   </div>
   <div class='ocr_carea' id='block_1_6' title="bbox 225 3819 1278 4259">
    <p class='ocr_par' dir='ltr' id='par_1_9' title="bbox 225 3819 1278 4259">
     <span class='ocr_line' id='line_1_40' title="bbox 226 3819 1278 3898; baseline -0.005 -20"><span class='ocrx_word' id='word_1_377' title='bbox 226 3845 279 3878; x_wconf 80' lang='grc' dir='ltr'><strong><em>ταν.</em></strong></span> <span class='ocrx_word' id='word_1_378' title='bbox 315 3823 406 3879; x_wconf 87' lang='lat' dir='ltr'>Schol.</span> <span class='ocrx_word' id='word_1_379' title='bbox 426 3825 449 3876; x_wconf 88' lang='lat' dir='ltr'>A</span> <span class='ocrx_word' id='word_1_380' title='bbox 470 3824 492 3890; x_wconf 70' lang='grc' dir='ltr'>ζ,</span> <span class='ocrx_word' id='word_1_381' title='bbox 515 3825 577 3880; x_wconf 79' lang='lat'><strong>121:</strong></span> <span class='ocrx_word' id='word_1_382' title='bbox 603 3827 750 3894; x_wconf 77' lang='grc' dir='ltr'><strong><em>Ζητὸδοτος</em></strong></span> <span class='ocrx_word' id='word_1_383' title='bbox 775 3835 819 3881; x_wconf 85' lang='grc' dir='ltr'><strong><em>καί</em></strong></span> <span class='ocrx_word' id='word_1_384' title='bbox 840 3824 1029 3898; x_wconf 70' lang='grc' dir='ltr'><strong><em>Ἀριστοφάνης</em></strong></span> <span class='ocrx_word' id='word_1_385' title='bbox 1054 3827 1152 3884; x_wconf 69' lang='lat' dir='ltr'>destasia</span> <span class='ocrx_word' id='word_1_386' title='bbox 1177 3819 1278 3876; x_wconf 74' lang='grc' dir='ltr'><strong><em>ίόντι·</em></strong></span> 
     </span>
     <span class='ocr_line' id='line_1_41' title="bbox 225 3888 1278 3984; baseline -0.016 -24"><span class='ocrx_word' id='word_1_387' title='bbox 225 3900 251 3947; x_wconf 65' lang='lat'>3⁷</span> <span class='ocrx_word' id='word_1_388' title='bbox 274 3899 304 3947; x_wconf 64' lang='lat' dir='ltr'>‘ll</span> <span class='ocrx_word' id='word_1_389' title='bbox 331 3908 386 3953; x_wconf 68' lang='grc' dir='ltr'><strong><em>τοῖς</em></strong></span> <span class='ocrx_word' id='word_1_390' title='bbox 412 3896 558 3964; x_wconf 54' lang='grc' dir='ltr'><strong>11411906θὶ1</strong></span> <span class='ocrx_word' id='word_1_391' title='bbox 582 3897 717 3968; x_wconf 67' lang='grc' dir='ltr'><strong><em>εἰρήκαμεν</em></strong></span> <span class='ocrx_word' id='word_1_392' title='bbox 743 3896 1009 3984; x_wconf 64' lang='grc' dir='ltr'><strong><em>(καί)Ἀριστ-ι1ρρσυ</em></strong></span> <span class='ocrx_word' id='word_1_393' title='bbox 1034 3891 1098 3948; x_wconf 73' lang='grc' dir='ltr'><strong><em>εἶναι</em></strong></span> <span class='ocrx_word' id='word_1_394' title='bbox 1116 3893 1166 3964; x_wconf 72' lang='grc' dir='ltr'>τήν</span> <span class='ocrx_word' id='word_1_395' title='bbox 1184 3888 1278 3962; x_wconf 71' lang='grc' dir='ltr'><strong><em>δαίτην</em></strong></span> 
     </span>
     <span class='ocr_line' id='line_1_42' title="bbox 226 3964 1278 4043; baseline -0.014 -10"><span class='ocrx_word' id='word_1_396' title='bbox 226 3964 336 4038; x_wconf 56' lang='grc'><strong>7911411·</strong></span> <span class='ocrx_word' id='word_1_397' title='bbox 374 3965 479 4020; x_wconf 68' lang='grc' dir='ltr'>ΕΓΙἯ11</span> <span class='ocrx_word' id='word_1_398' title='bbox 497 3967 617 4036; x_wconf 80' lang='lat' dir='ltr'>lleynius</span> <span class='ocrx_word' id='word_1_399' title='bbox 636 3973 658 4022; x_wconf 93' lang='lat' dir='ltr'>V</span> <span class='ocrx_word' id='word_1_400' title='bbox 674 3992 700 4043; x_wconf 90' lang='lat' dir='ltr'>p.</span> <span class='ocrx_word' id='word_1_401' title='bbox 719 3972 780 4028; x_wconf 86' lang='grc'>204.</span> <span class='ocrx_word' id='word_1_402' title='bbox 818 3971 909 4026; x_wconf 83' lang='lat' dir='ltr'>Schol.</span> <span class='ocrx_word' id='word_1_403' title='bbox 927 3971 961 4024; x_wconf 85' lang='lat' dir='ltr'>L:</span> <span class='ocrx_word' id='word_1_404' title='bbox 982 3967 1154 4037; x_wconf 82' lang='grc' dir='ltr'><strong><em>Ἀρίσταρχος</em></strong></span> <span class='ocrx_word' id='word_1_405' title='bbox 1174 3969 1278 4023; x_wconf 61' lang='lat' dir='ltr'>destruc.</span> 
     </span>
     <span class='ocr_line' id='line_1_43' title="bbox 278 4037 1054 4112; baseline 0 -19"><span class='ocrx_word' id='word_1_406' title='bbox 278 4037 306 4104; x_wconf 83' lang='lat'>8)</span> <span class='ocrx_word' id='word_1_407' title='bbox 324 4039 493 4092; x_wconf 87' lang='lat' dir='ltr'>Zenodotom</span> <span class='ocrx_word' id='word_1_408' title='bbox 514 4040 718 4112; x_wconf 89' lang='lat' dir='ltr'>Aristophanes,</span> <span class='ocrx_word' id='word_1_409' title='bbox 738 4055 766 4097; x_wconf 89' lang='lat' dir='ltr'>ut</span> <span class='ocrx_word' id='word_1_410' title='bbox 783 4043 864 4108; x_wconf 87' lang='lat' dir='ltr'>solet,</span> <span class='ocrx_word' id='word_1_411' title='bbox 883 4053 990 4096; x_wconf 83' lang='lat' dir='ltr'>secutus</span> <span class='ocrx_word' id='word_1_412' title='bbox 1007 4050 1054 4096; x_wconf 86' lang='lat' dir='ltr'>est.</span> 
     </span>
     <span class='ocr_line' id='line_1_44' title="bbox 278 4105 1278 4186; baseline -0.003 -23"><span class='ocrx_word' id='word_1_413' title='bbox 278 4110 309 4174; x_wconf 88' lang='grc'>9)</span> <span class='ocrx_word' id='word_1_414' title='bbox 331 4110 587 4164; x_wconf 84' lang='lat' dir='ltr'>Cl.lltlehlhorn.de</span> <span class='ocrx_word' id='word_1_415' title='bbox 606 4115 773 4183; x_wconf 91' lang='lat' dir='ltr'>appositione</span> <span class='ocrx_word' id='word_1_416' title='bbox 793 4134 819 4186; x_wconf 87' lang='lat' dir='ltr'>p.</span> <span class='ocrx_word' id='word_1_417' title='bbox 840 4116 882 4171; x_wconf 87' lang='grc'>11.</span> <span class='ocrx_word' id='word_1_418' title='bbox 931 4113 1058 4171; x_wconf 85' lang='lat' dir='ltr'>Sommer</span> <span class='ocrx_word' id='word_1_419' title='bbox 1082 4109 1109 4162; x_wconf 88' lang='lat' dir='ltr'>in</span> <span class='ocrx_word' id='word_1_420' title='bbox 1140 4105 1278 4178; x_wconf 84' lang='lat' dir='ltr'>ephemer.</span> 
     </span>
     <span class='ocr_line' id='line_1_45' title="bbox 227 4181 1168 4259; baseline -0.001 -24"><span class='ocrx_word' id='word_1_421' title='bbox 227 4181 295 4234; x_wconf 85' lang='lat' dir='ltr'>stud.</span> <span class='ocrx_word' id='word_1_422' title='bbox 314 4183 435 4254; x_wconf 88' lang='lat' dir='ltr'>antiquit.</span> <span class='ocrx_word' id='word_1_423' title='bbox 459 4181 526 4238; x_wconf 81' lang='grc'><strong>1839</strong></span> <span class='ocrx_word' id='word_1_424' title='bbox 544 4201 571 4255; x_wconf 90' lang='lat' dir='ltr'>p.</span> <span class='ocrx_word' id='word_1_425' title='bbox 593 4184 671 4242; x_wconf 84' lang='grc'><strong>1012.</strong></span> <span class='ocrx_word' id='word_1_426' title='bbox 706 4185 814 4258; x_wconf 81' lang='lat' dir='ltr'>Krtiger</span> <span class='ocrx_word' id='word_1_427' title='bbox 832 4197 973 4259; x_wconf 77' lang='lat' dir='ltr'>grammat.</span> <span class='ocrx_word' id='word_1_428' title='bbox 992 4183 1041 4238; x_wconf 88' lang='lat' dir='ltr'>Gr.</span> <span class='ocrx_word' id='word_1_429' title='bbox 1060 4201 1086 4252; x_wconf 80' lang='lat' dir='ltr'>p.</span> <span class='ocrx_word' id='word_1_430' title='bbox 1105 4181 1168 4238; x_wconf 87' lang='grc'><strong>241.</strong></span> 
     </span>
    </p>
   </div>
   <div class='ocr_carea' id='block_1_7' title="bbox 0 0 1444 4888">
    <p class='ocr_par' dir='ltr' id='par_1_10' title="bbox 0 0 1444 4888">
     <span class='ocr_line' id='line_1_46' title="bbox 0 0 1444 4888; baseline 0 3"><span class='ocrx_word' id='word_1_431' title='bbox 0 0 1444 4888; x_wconf 95' lang='lat' dir='ltr'> </span> 
     </span>
    </p>
   </div>
  </div>
 </body>
</html>
