2896 4888
682 1117 753 1190 xl.

399 1293 451 1352 DE
472 1289 664 1351 vaustntts
689 1291 818 1354 ouant)
841 1295 1031 1358 Nont'rtS.
1083 1338 1087 1347 ,

606 1486 813 1500 ——--———--.-.

235 1651 336 1707 Multus
353 1662 433 1724 atque
445 1648 516 1704 haud
533 1647 623 1720 paullo
642 1647 741 1720 plures,
760 1669 840 1720 quam
859 1649 938 1706 hodie
953 1651 1063 1722 scimus,
1082 1675 1171 1710 versus
1184 1656 1238 1710 Ze·

180 1741 298 1795 nodutus
315 1739 427 1804 sustulit,
446 1737 512 1791 alios
528 1757 599 1802 vero,
618 1737 651 1790 de
667 1737 764 1810 quibus
780 1738 823 1793 hic
835 1742 1141 1812 agamus,.addubitatos
1152 1746 1237 1814 ,obelo

179 1830 288 1883 notavit.
325 1827 429 1897 Quodsi
450 1827 618 1897 quaerimus,
643 1818 698 1897 ¹qua
723 1827 828 1896 ratione
856 1827 904 1882 hos
923 1829 997 1886 locos
1020 1832 1054 1885 ab
1073 1831 1124 1886 ittir
1142 1833 1238 1887 distin·

179 1917 260 1984 serit,
286 1927 314 1970 ut
334 1915 378 1970 hic
395 1915 539 1980 dubitaret,
568 1913 623 1968 ittie
647 1914 704 1968 sine
728 1913 899 1970 haesitatione
918 1937 1006 1974 versus
1024 1921 1098 1975 abire
1123 1921 1235 1988 iuberet,

177 2027 207 2061 re
227 2026 283 2060 uon
301 2005 451 2058 accuratius
469 2003 597 2075 pensitata
616 2015 726 2070 statues,
739 2023 808 2056 eum
826 2004 885 2060 iilos
903 2025 1007 2074 versus,
1028 2027 1096 2080 quos
1113 2009 1235 2064 certiori-

178 2090 229 2148 bus
246 2093 411 2164 argumentis
429 2103 523 2163 poetae
548 2111 603 2145 uon
628 2111 682 2144 esse
702 2103 820 2163 putaret,
845 2093 968 2160 eiecisse,
996 2113 1041 2149 eos
1058 2115 1137 2163 sero,
1167 2118 1236 2168 quos

178 2199 234 2238 non
257 2194 310 2236 tam
330 2191 421 2251 aperte
438 2179 543 2250 spurios
562 2198 616 2232 esse
631 2178 814 2232 demonstrare
827 2182 958 2250 potuerit,
976 2180 1056 2235 obelo
1075 2184 1233 2239 confodisse.
1292 2217 1294 2221 v

121 2252 126 2261 x
177 2271 257 2340 Quae
277 2269 423 2334 sententia,
443 2270 463 2322 si
481 2268 556 2321 locos
573 2266 645 2337 ipsos
663 2285 818 2338 comparas,
843 2287 899 2322 non
919 2267 1102 2326 confirmatur.
1137 2271 1232 2344 Neque

176 2357 219 2422 id,
238 2357 309 2430 quud
329 2355 452 2410 Lehrsius
467 2358 508 2428 (p.
528 2353 596 2420 361)
616 2352 649 2406 de
667 2353 823 2409 Aristarcho
842 2356 948 2424 statuit,
966 2357 1012 2429 qui
1032 2376 1086 2410 uon
1107 2358 1155 2413 nisi
1174 2380 1233 2414 rer·
1262 2415 1265 2422 ,

177 2466 221 2500 sus
254 2445 293 2497 rel
326 2443 483 2498 testimoniis
513 2454 650 2515 suspectos
677 2443 716 2495 vel
742 2454 813 2497 extra
840 2444 952 2499 modum
983 2444 1088 2516 ineptos
1115 2447 1231 2518 eiecerit,

175 2534 209 2587 de
227 2532 369 2586 Zenodoto
389 2531 550 2586 contendas..
585 2530 790 2602 Nonnunquam
808 2532 916 2586 criticus
934 2533 1065 2606 Ephesius
1088 2537 1115 2589 iu
1136 2537 1231 2590 eodem

175 2621 236 2676 loco
267 2621 340 2675 Hunc
363 2618 471 2674 illumve
498 2639 601 2674 versum
627 2619 749 2685 sustulit,
772 2620 837 2674 alios
862 2641 925 2675 vero
950 2623 1108 2696 proscripsit
1132 2624 1178 2690 (cf.
1204 2647 1231 2692 u,

174 2708 328 2766 488-491.
350 2714 382 2774 β,
401 2706 553 2762 673-675.
572 2728 606 2772 π,
631 2707 800 2774 140-144),
831 2708 903 2781 quod
930 2710 969 2762 vix
987 2722 1081 2764 cautae
1098 2711 1230 2767 Zenodoti

176 2797 334 2869 prudentiae
360 2808 550 2866 argumentum
574 2793 692 2852 babebis.
735 2796 829 2869 Neque
855 2796 951 2852 desunt
979 2796 1030 2852 loci
1055 2800 1230 2855 aZeuodoto

175 2886 255 2939 simui
275 2885 409 2938 emendati
428 2896 454 2939 et
468 2884 623 2939 addubitati.
660 2884 705 2938 Cf.
727 2906 753 2954 α,
768 2887 837 2957 deq.
854 2885 889 2940 46
901 2906 941 2958 sq.
964 2885 1013 2941 159
1023 2906 1062 2958 sq·
1079 2885 1230 2944 396-406.
1302 2913 1305 2919 ’

173 2983 201 3044 β,
221 2974 276 3030 579
293 2993 331 3046 sq.
360 2972 412 3028 686
431 2993 491 3046 sqq·
517 2992 543 3042 η,
563 2971 616 3028 443
635 2992 693 3044 sqq.
718 2993 745 3037 n,
764 2972 817 3029 666
835 2992 895 3045 sqq.
921 2985 949 3028 et
967 2973 1079 3028 Achillis
1102 2974 1229 3047 clipeum,
1299 3005 1303 3012 ·

174 3067 202 3118 iu
231 3084 301 3135 quo,
329 3081 493 3134 quamquam
522 3061 601 3113 obelo
628 3061 771 3126 confosso,
803 3061 885 3114 muita
906 3063 1019 3117 novarit.
1055 3061 1125 3114 ·Cur
1148 3063 1230 3134 igitur

173 3154 201 3207 in
231 3151 272 3205 his
296 3151 360 3206 iocis
384 3150 545 3206 addubitatis
572 3149 786 3222 emendationem
810 3149 938 3203 tentarit?
975 3143 1032 3202 Cu'r
1055 3147 1103 3202 hos
1131 3172 1228 3217 versus,

174 3261 242 3313 quos
260 3242 317 3294 sine
332 3240 519 3293 emendatione
537 3249 605 3292 stare
624 3258 680 3290 non
700 3257 775 3310 posse
790 3238 898 3309 putarit,
919 3257 973 3290 uon
993 3238 1118 3292 sustulit?
1136 3239 1227 3294 Unam

171 3340 276 3384 tantum
303 3327 370 3381 riam
395 3327 485 3390 video,
516 3345 568 3399 qua
597 3325 725 3380 omnibus
748 3325 788 3380 his
810 3325 1023 3378 dubitationibus
1041 3342 1226 3381 occurramus.

172 3415 342 3469 Zenodotum
372 3415 555 3468 recensionem
585 3415 735 3467 carminum
756 3413 960 3466 Homericornrtr
986 3413 1103 3483 primurn
1126 3413 1164 3467 ita
1183 3415 1225 3467 in·
1249 3419 1253 3424 ’
1287 3462 1290 3466 ,

171 3505 284 3558 stituisse
302 3503 434 3568 arbitror,
465 3514 494 3557 ut
519 3521 587 3574 quae
612 3501 661 3574 ipsi
678 3501 766 3554 minus
791 3512 851 3572 apta
878 3500 1048 3568 riderentur,
1079 3501 1227 3573 corrigeret

170 3604 217 3646 aut
237 3590 348 3656 tolieret,
368 3611 430 3643 eum
446 3609 508 3642 sero
527 3601 627 3661 postea,
646 3601 790 3661 antequam
803 3589 987 3644 recensionem
1007 3590 1060 3642 iam
1079 3591 1225 3660 perfectam

170 3679 275 3742 ederet,
295 3677 361 3730 baec
382 3677 502 3731 carmina
521 3679 611 3732 denuo
637 3690 828 3750 pertractasse,
857 3689 885 3731 ut
906 3697 975 3749 quae
1000 3689 1066 3732 tunc
1084 3679 1164 3732 dubia
1184 3692 1225 3734 at·
1328 3748 1329 3752 Ἰ

170 3783 223 3838 que
243 3767 331 3819 minus
349 3779 410 3838 apta
430 3767 575 3832 inveniret,
596 3767 693 3820 eiicere
712 3785 782 3833 reru,
801 3766 919 3820 editione
935 3765 988 3817 iarn
1009 3763 1142 3835 perfecta,
1167 3785 1223 3818 uon
1281 3769 1285 3781 “

170 3866 273 3927 posset,
292 3855 371 3910 obelo
392 3867 505 3910 notaret.
554 3854 624 3909 Hinc
652 3857 770 3909 versibus
789 3855 863 3927 prius
882 3853 1029 3908 emendatis
1047 3852 1154 3905 obelum
1174 3875 1223 3926 ap-

170 3943 281 4014 pingere
300 3955 326 3996 et
344 3943 403 3997 ilios
426 3944 515 4008 locos,
543 3944 589 3998 ubi
609 3945 684 4016 prius
710 3963 794 3997 unum
820 3954 923 3998 tanturn
946 3943 999 3995 sive
1024 3940 1113 4012 plures
1136 3959 1223 3993 versus

169 4031 298 4098 eiecerat,
318 4042 387 4085 totos
405 4032 562 4084 addubitare
580 4033 675 4103 potuit.
712 4031 803 4099 Quam
825 4031 1019 4092 coniecturam,
1039 4045 1108 4097 quae
1127 4023 1228 4097 sponte*
1338 4051 1340 4056 ·

170 4138 197 4169 se
216 4114 313 4185 ossert,
331 4118 400 4184 toci,
420 4139 487 4191 quos
508 4137 582 4174 nuuc
600 4121 751 4176 accuratius
770 4120 957 4191 inspiciamus,
978 4115 1204 4187 comprobabunt.

964 4203 1034 4258 12Λ
