2886 4890
718 433 788 506 102
834 543 837 546 -

230 627 359 702 quosdam
378 623 556 690 nominat³)‚
580 640 696 700 quorum
718 619 851 691 Apollinis
876 619 1097 673 commemoratio
1123 635 1155 671 eo
1181 617 1280 688 aptior,

229 717 251 768 si
269 715 333 768 alias
351 728 464 766 concors
483 710 536 770 lovi
556 729 656 763 numen
675 719 793 780 apparet.
839 705 987 760 Minervam
1012 705 1120 776 quidem
1137 705 1281 759 nominare

231 812 351 875 poterat,
376 811 402 854 at
421 818 504 872 quum
524 783 590 852 hdee
614 796 715 869 ubique
734 797 762 850 in
788 793 869 852 Iliade
887 793 997 849 lunonis
1020 793 1090 846 socia
1109 793 1158 859 sit,
1186 805 1280 868 contra

230 891 318 942 lovem
338 905 433 960 agens,
453 885 622 949 benefacit,
652 883 724 956 quod
744 883 824 937 alium
844 882 925 935 deum
946 881 1156 960 potentissimum
1176 901 1191 935 a
1213 879 1295 934 lovis'

231 976 351 1050 partibus
368 985 482 1028 stantem
501 973 597 1026 lunoni
624 981 650 1026 et
665 971 791 1043 Neptuno
815 969 965 1023 adsociavit.
1008 968 1077 1023 llinc
1094 965 1280 1021 Zen'odotenm

232 1074 303 1116 recte
331 1060 515 1133 praetulerunt
534 1059 651 1113 wolfius
673 1059 722 1129 (cf.
749 1058 805 1111 cius
831 1056 1024 1129 praelectiones
1048 1055 1080 1108 ad
1101 1056 1126 1109 ln.
1146 1056 1196 1124 l.),
1226 1055 1280 1108 Lo-

232 1147 341 1206 beclrius
357 1148 499 1220 (Aglaoph.
517 1168 545 1220 p.
564 1147 645 1214 287),
666 1145 829 1217 Geppertius
854 1146 898 1210 (de
924 1145 1028 1216 origine
1054 1146 1205 1199 carminum
1223 1143 1282 1196 tto-

232 1237 396 1293 mericorum
416 1235 427 1288 l
447 1257 472 1307 p,
491 1235 534 1290 64.
554 1235 637 1305 100),
657 1236 777 1306 bangius
796 1245 821 1288 et
840 1234 951 1291 Hellter.

285 1326 323 1391 Π,
345 1323 404 1386 150,
415 1322 589 1376 Zenodotusz

400 1407 468 1469 Τοδς
485 1409 553 1464 irene
571 1405 678 1479 Ζεφύρῳ
697 1406 780 1478 ‹irino›
791 1402 912 1478 Ἅρπυια
930 1404 1079 1477 πόδαργος,

142 1524 147 1536 s
230 1495 391 1568 ut⁰Aomnu
414 1517 530 1565 nomen,
556 1495 688 1568 υόδοργος
715 1495 873 1552 adiectivum
892 1497 934 1552 sit.
979 1495 1014 1554 At
1032 1496 1067 1550 ol.
1083 1515 1109 1562 c,
1128 1494 1180 1552 400
1203 1498 1282 1546 τέκοο

231 1585 389 1658 Ποδάργης,
418 1586 464 1640 ubi
489 1585 652 1640 Zenodotus
672 1586 781 1640 sortasse
809 1583 960 1655 Ποδάργου.
1007 1582 1112 1636 Nomen
1140 1579 1282 1651 Πόδαργος

231 1675 311 1728 habes
330 1679 359 1738 δ,
377 1671 435 1728 185.
454 1691 483 1739 ψ,
497 1673 560 1729 295.
595 1675 750 1728 Zenodotus
766 1673 898 1727 librorum
912 1689 1031 1725 errorem
1052 1690 1107 1724 nnn
1120 1671 1233 1723 correxit
1244 1663 1282 1736 1).

286 1758 341 1813 Οδ.
355 1763 380 1816 δ,
393 1759 446 1815 366
457 1780 507 1832 pro
519 1763 637 1831 Εἲδοδέη
647 1757 904 1831 ιςοίροίῑΕδρυιόμη,
923 1759 996 1832 quod
1011 1759 1063 1812 iam
1081 1769 1143 1812 ante
1154 1757 1283 1812 Zenodo-

231 1859 288 1900 tnm
308 1865 337 1900 en
357 1844 439 1900 iliade
456 1849 495 1916 (o,
513 1847 568 1903 398
586 1868 623 1919 sq.
644 1848 711 1914 405)
732 1847 800 1900 male
819 1847 872 1900 huc
900 1845 1055 1900 translatum
1074 1845 1184 1899 videtur.
1226 1845 1282 1898 Ae·

232 1935 346 2008 schylus,
366 1935 459 2006 quiin
478 1933 568 1986 sabula
587 1935 700 2006 satyrica
719 1935 832 1988 Proteus
843 1933 968 2005 inscripta
988 1945 1041 1988 ete
1060 1933 1128 1986 libro
1146 1930 1282 2002 Odysseae

233 2033 328 2093 quarto
347 2021 494 2094 desumpta¹
514 2021 631 2075 sormam
656 2026 775 2075 Εἱδοδέα
795 2021 900 2090 (schot.
926 2021 981 2076 od.
998 2023 1025 2087 δ,
1043 2019 1108 2084 366)
1137 2031 1183 2073 aut
1209 2016 1281 2071 Ειδώ
1394 2062 1399 2070 ,

232 2109 333 2182 (Etym.
353 2108 426 2162 Gud.
454 2130 477 2164 r.
496 2104 588 2180 ιιορδῶ.
635 2111 730 2166 Aesch.
756 2111 852 2184 lragm.
872 2108 1065 2179 312)1331)ιι11,
1095 2119 1121 2161 et
1138 2107 1285 2181 Euripides

231 2199 276 2264 (cl.
288 2198 345 2252 Hel.
363 2201 405 2263 ll)
420 2198 447 2251 in
465 2198 517 2253 hoc
530 2218 604 2251 versu
616 2200 733 2268 Εἰδοθέη
748 2187 880 2270 legerunt.
916 2195 959 2252 Cf.
975 2196 1087 2269 Dionys.
1099 2195 1202 2266 Perieg.
1219 2195 1281 2251 259.

283 2291 321 2355 Ε,
347 2287 407 2344 542.
434 2286 496 2343 549.
521 2303 572 2360 pro
598 2285 748 2358 Ὀρσίλοχός
771 2287 844 2340 dedit
870 2283 1033 2357 Ὀρτίλοχος,
1060 2303 1140 2358 quam
1164 2283 1281 2337 formam

231 2375 329 2430 Strabo
349 2387 375 2429 et
393 2373 538 2428 Pausanias
555 2389 730 2448 receperunt,
756 2395 775 2442 ε,
794 2375 847 2430 546
866 2395 905 2448 sq.
929 2394 990 2428 vero
1010 2371 1167 2444 Ὀροίλογος.
1185 2371 1238 2427 Οδ.
1256 2397 1282 2440 γ,

231 2464 293 2520 489.
312 2463 410 2530 6187.
430 2459 461 2527 os
478 2461 511 2516 16
529 2462 687 2518 Harleianus
708 2464 789 2518 codes
806 2473 958 2520 constanter
975 2463 1090 2515 lorma'm
1110 2480 1172 2515 cum
1191 2482 1207 2512 τ
1226 2482 1284 2515 ser-

231 2563 274 2606 vat
288 2551 325 2620 ⁶),
345 2551 418 2624 quod
444 2551 630 2606 eZenodotea
655 2553 812 2607 recensione
838 2551 940 2606 fluxisse
957 2549 1072 2608 videtur.»
1113 2547 1283 2604 Zenodotum

232 2639 275 2692 liic
294 2639 426 2692 librorum
446 2637 525 2714 sidem
552 2650 670 2694 secutum
697 2660 752 2693 esse
778 2652 857 2709 puto,
885 2658 952 2712 qnos
969 2638 1013 2692 alii
1030 2637 1235 2691 emendaverant
1248 2640 1283 2707 ⁶).

116 2848 119 2856 ·
233 2813 260 2864 in
280 2811 387 2883 optimis
410 2811 484 2878 libris
503 2813 648 2867 obtinuisse
667 2824 789 2868 statuam.

287 2901 325 2961 Θ,
345 2899 397 2984 128
416 2911 441 2954 et
460 2898 513 2982 {312
533 2901 582 2969 (cl.
599 2920 680 2971 supra
699 2921 722 2955 c.
742 2903 768 2971 l)
787 2898 1004 2972 Ἐρασιπτόλιμου
1019 2902 1137 2974 scripsit,
1165 2903 1210 2957 ubi
1236 2923 1282 2957 ce-

234 2986 283 3040 teri
298 2985 512 3056 Ἀρχευτόλομον.
548 2989 701 3060 Utrumque
720 2991 776 3043 sine
792 2990 874 3044 dubio
892 2991 921 3045 in
939 2989 1014 3044 libris
1037 2989 1182 3064 legebatur.
1227 2991 1283 3044 Ne-

234 3094 286 3148 que
305 3067 378 3142 haec,
399 3095 487 3146 neque
505 3074 549 3130 illa
562 3077 649 3130 sorma
662 3076 718 3130 ullo
736 3076 789 3130 alio
803 3077 891 3131 iliadis
907 3089 934 3132 et
948 3077 1083 3150 Odysseae
1101 3077 1161 3132 loco
1176 3077 1283 3150 legitur.

284 3167 322 3232 Ν,
339 3161 392 3218 643
407 3163 578 3232 zenodotus,
605 3164 742 3220 Eustatlsio
763 3170 800 3240 (p.
822 3164 883 3236 953,
910 3166 996 3239 4sq.)
1015 3177 1089 3234 teste,
1107 3168 1283 3228 Kvlmne'rcoc
1369 3151 1377 3162 .

289 3312 317 3380 3)
336 3312 418 3381 Quod
438 3324 509 3368 recte
528 3313 672 3383 intellexit,
692 3315 738 3388 qui
759 3334 818 3370 vere
834 3327 864 3370 et
880 3314 1028 3388 ingeniose,
1047 3326 1077 3371 ut
1093 3313 1167 3382 solet,
1186 3315 1283 3372 dehac

233 3385 323 3438 sabula
334 3404 362 3436 ex
384 3385 488 3439 licenda
495 3387 556 3457 egit,
568 3385 902 3460 Welclrer(deAescl1ylea
914 3388 1019 3458 trilogia
1030 3387 1121 3444 Prone.
1129 3407 1155 3458 p.
1167 3388 1283 3461 150311.)

285 3457 315 3524 4)
334 3407 381 3510 Cl.J
397 3469 501 3527 praeter
520 3458 663 3513 Aristonici
682 3471 772 3512 notam
791 3459 918 3528 Apollon.
937 3480 959 3511 r.
982 3461 1115 3528 Αρυυιοιιε
1140 3455 1216 3521 duis
1236 3465 1284 3511 Τι-

202 3543 204 3554 ·
232 3531 344 3594 μογέοης
362 3531 388 3579 lv
404 3540 464 3598 ταζς
484 3530 679 3599 παραφρδσιοιι
691 3531 790 3597 idaim,
810 3529 852 3582 ‘das
870 3532 957 3599 υύριου
978 3527 1058 3591 denuo
1069 3523 1233 3599 Ἅρπυια,
1251 3527 1284 3583 τό

218 3600 262 3658 ,δὲ
280 3595 438 3667 ποδᾶργη
456 3603 594 3661 ἐπίθετον,
611 3602 769 3668 πλανηθείς·
787 3599 937 3654 terirentur
953 3597 1004 3667 γδρ
1023 3607 1150 3662 φαίνεται.

285 3667 316 3735 5)
334 3665 424 3720 Schol.
443 3666 496 3720 Οδ.
513 3690 539 3734 γ,
552 3668 617 3723 4891
636 3667 771 3724 Ἐντεῦθεν
783 3669 929 3742 Ζηνόδοτος
941 3675 966 3724 lv
980 3670 1070 3723 'llsdds
1087 3673 1181 3742 ἔγραφε
1194 3671 1243 3738 Κρ
1252 3670 1283 3739 η’-

234 3745 305 3790 θωυ
323 3733 347 3789 τ’
365 3734 559 3806 Ὀρτίλογός
578 3759 620 3794 τε.
656 3739 745 3795 Schol.
765 3763 784 3806 s,
804 3743 872 3798 5422
896 3739 925 3796 ‘O
945 3739 1070 3810 πρόγονος
1094 3740 1141 3795 διδ
1159 3744 1208 3794 τοῦ
1224 3737 1283 3805 ‘hd

233 3821 295 3867 πυτς
313 3803 360 3862 διδ
375 3812 423 3860 τοῦ
440 3814 472 3861 δ’
491 3814 535 3861 καὶ
551 3813 577 3861 ἰν
594 3806 733 3881 Ὀδυσσείᾳ
759 3803 804 3865 osis
822 3811 867 3865 διδ
887 3815 935 3866 τοῦ
956 3821 982 3874 d,
1001 3811 1062 3880 uhi,
1089 3812 1161 3885 quod
1186 3812 1284 3866 admo-

234 3883 298 3934 dum
318 3879 411 3945 miror,
431 3897 511 3932 nemo
530 3880 618 3936 adhuc
635 3882 707 3950 vidit,
726 3884 870 3954 legendum
888 3904 957 3938 esser
976 3880 1008 3936 ‘O
1026 3881 1151 3952 πρόγονος
1168 3881 1216 3936 διδ
1233 3892 1282 3935 τοῦ

233 3961 255 4014 n,
275 3947 288 4002 δ
308 3965 369 4009 onte
388 3947 434 4003 διδ
453 3954 500 4002 τοῦ
514 3956 541 4017 i,
562 3970 616 4024 quo
636 3956 723 4008 omnis
743 3957 843 4011 tollitur
863 3955 1161 4023 (11166111131.801301.ε,
1181 3951 1233 4010 543
1257 3965 1284 4008 et

234 4023 287 4078 Οδ.
306 4045 332 4089 φ,
354 4020 387 4077 16
406 4019 559 4092 Ὀρτιλόχου
577 4023 679 4094 legunt.

285 4092 377 4161 6)(11.
407 4093 440 4146 de
466 4095 537 4148 varia
562 4096 679 4149 nominis
704 4098 790 4152 lorma
810 4095 930 4152 Giesium
950 4095 1118 4179 ρ,.28”13η.,
1143 4095 1189 4167 qui
1210 4105 1284 4148 recte

233 4175 339 4228 monet,
365 4165 417 4217 iam
436 4172 497 4218 ante
518 4166 708 4222 Alexandrinos
733 4168 802 4225 hanc
820 4170 971 4224 varietatem
989 4169 1017 4222 in
1037 4167 1111 4221 libris
1128 4166 1282 4221 obtinuisse.

196 4304 200 4322 Ι
233 4236 302 4293 Nihil
322 4234 436 4307 profecit
454 4235 585 4309 Spitsner.
