2886 4890
735 381 807 458 126
851 323 858 330 ¹

243 577 351 632 neribus
370 574 492 629 cominus
519 571 607 626 inlatis
632 570 815 638 dicrum).-
842 567 885 624 Ci.
903 569 994 626 Schol.
1018 575 1048 640 α,
1065 572 1130 630 807.
1148 575 1211 634 812.
1228 575 1294 634 819,

242 668 304 724 828.
323 687 347 736 ρ,
371 657 411 721 15'.
446 662 537 716 Lehrs.
557 681 582 732 p.
601 661 632 716 61
654 679 713 732 sqq.
750 658 801 728 At,
826 675 991 732 quamquam
1010 681 1067 720 nnn
1090 683 1218 736 negamus
1236 666 1297 722 llo.

244 756 363 821 merum,
391 772 443 825 qua
462 734 631 805 Aiistarchus
654 748 751 816 voluit,
775 749 879 802 ratione
901 745 1006 814 βάλλειν
1026 761 1053 804 et
1070 747 1182 804 airricus
1197 753 1296 807 distin·

243 849 323 912 risse,
350 857 547 910 nonnunquam
573 849 662 893 tamen
682 849 828 910 utrumque
845 835 938 890 latiore
955 837 1148 909 significatione
1166 841 1296 896 adhibere

243 935 330 1007 potuit
342 931 392 998 ⁵⁰).
429 928 507 998 Quae
519 926 616 998 ileyrii
634 925 652 982 1.
671 925 689 980 l.
709 937 737 980 et
754 924 886 998 Spitrucri
904 925 937 978 ad
955 946 984 993 rr,
1000 925 1053 981 467
1067 930 1198 982 sententia
1212 931 1297 986 fuisse
1349 953 1362 960 ·

244 1023 354 1076 videtur.
405 1017 590 1070 Zenodoteurn
618 1013 700 1086 igitur
728 1029 777 1069 cur
800 1012 983 1068 Aristarcheae
1012 1013 1088 1072 cedat
1113 1017 1295 1084 coniecturae,

244 1131 301 1164 non
322 1109 406 1162 video.

295 1203 333 1266 Ρ,
351 1197 388 1254 54
399 1193 574 1248 1Ζεειοδοῐιιοε

299 1307 300 1314 ¹
357 1279 442 1353 Χόρῳ
460 1287 486 1334 ἓν
504 1278 629 1350 riualis,
649 1276 662 1332 ii
681 1273 989 1350 transcurrentes
1009 1273 1081 1349 ὕδωρ
1097 1281 1150 1347 ⁵¹),

244 1372 288 1427 alii
307 1365 352 1424 ta'
369 1364 426 1429 όλλις
442 1367 687 1439 δνοβέβρυχενόἳ),
713 1388 780 1440 quos
806 1368 890 1420 miror
909 1369 1145 1436 nouohserrasse,
1174 1372 1296 1444 penulti-

243 1477 316 1513 mam
335 1461 490 1528 ν.βλβριιχα
509 1455 637 1528 syllabam
658 1455 779 1526 produci.
816 1454 858 1508 Cf.
877 1475 902 1526 ρ,
921 1454 982 1510 264.
1001 1455 1098 1520 oda,
1118 1453 1180 1514 242,
1213 1458 1296 1527 Quo-

243 1550 326 1603 modo
343 1547 467 1620 Spittuer
483 1544 568 1600 dicuts
587 1544 712 1613 „Mediae
730 1543 870 1616 correptae
889 1543 921 1598 e'o
940 1545 991 1598 erit
1008 1546 1082 1598 senia
1102 1559 1200 1616 parata,
1218 1551 1295 1620 quod

245 1640 355 1694 verbum
382 1647 420 1690 est
437 1632 708 1704 δνοματονιοιηνινόν”,
738 1651 792 1686 nnn
819 1633 922 1708 rideo..
948 1631 1045 1687 Nescio
1062 1653 1099 1688 uu
1117 1633 1296 1706 ιλναβλβροχεν

244 1726 399 1782 nonsolum
418 1723 565 1790 Zenodoti,
596 1741 687 1774 rerum
711 1721 790 1775 etiam
806 1720 991 1793 Aristophanis
1010 1733 1036 1776 ct
1055 1724 1215 1792 Aristarchi,
1246 1726 1294 1797 qui

241 1817 270 1869 in
289 1810 413 1887 prosodia
432 1810 596 1866 observanda
616 1809 654 1861 six
673 1811 708 1862 ita
727 1827 817 1862 errare
835 1811 937 1880 potuit,
957 1811 1038 1866 fuerit
1055 1809 1196 1885 scriptura.

297 1907 334 1967 Σ,
352 1901 387 1956 34
404 1893 558 1952 Zenodotus
576 1894 742 1967 ιῖπστμὴεειε,
762 1897 931 1952 Aristarchus
949 1898 1098 1970 ἀπαμήσειε.
1135 1903 1208 1957 idern
1228 1905 1295 1960 Ari-

243 1990 362 2046 starchus
380 1991 403 2055 λ,
425 1986 476 2044 146
494 1984 592 2057 πλήξας
608 2003 660 2057 pro
677 1983 791 2054 τμήξας,
816 1993 842 2040 et
859 1988 948 2042 nescio
968 2007 1003 2044 an
1022 1985 1152 2062 scriptura
1171 1993 1295 2046 nonnul·

243 2083 332 2135 lorum
350 2076 402 2131 od.
422 2087 453 2143 ri,
472 2075 526 2131 4λο
544 2076 577 2129 ab
595 2073 732 2128 Eustathio
751 2087 961 2131 commemoratu
984 2071 1134 2148 δποιιλήξος
1158 2097 1208 2150 pro
1224 2077 1293 2131 ‹irco-

242 2167 342 2238 τμήξας
359 2163 502 2219 Aristarchi
522 2159 610 2228 fucrit,
629 2174 658 2217 ut
676 2163 748 2216 uerbi
762 2159 869 2233 τμὴγειν
886 2163 1115 2235 significationem,
1135 2181 1187 2237 qus
1207 2157 1294 2236 αλῆσ-
1326 2190 1332 2199 ·

224 2275 294 2308 ,σειν
312 2253 361 2320 sit,
379 2272 408 2305 ex
427 2252 545 2305 Homero
563 2249 695 2304 sustulisse
714 2251 842 2306 rideatur.
885 2252 955 2306 Num
975 2251 1142 2306 Aristarchus
1160 2253 1204 2307 hic
1220 2253 1293 2308 ‹inu-

243 2339 329 2414 μήσειε
347 2360 376 2393 er
395 2338 450 2393 Od.
469 2360 495 2405 φ,
515 2337 569 2394 300
586 2359 626 2410 sq.
646 2339 769 2411 scripsit?

293 2433 330 2496 Σ,
350 2426 403 2483 466
421 2423 577 2480 Zenodotus
595 2437 621 2480 et
632 2423 821 2498 Aristophanes
838 2431 987 2498 παρλξομαι,
1006 2427 1174 2484 Aristarchus
1193 2435 1294 2502 παρέσ-

242 2537 329 2584 σεται,
358 2515 430 2588 quod
459 2531 514 2568 non
540 2513 589 2566 nisi
615 2512 647 2566 de
673 2512 751 2568 donis
770 2515 866 2570 Achilli
890 2515 1156 2588 silerendisiegitur.
1203 2517 1247 2572 Cf.
1264 2537 1292 2586 α,

241 2605 304 2663 213.
320 2629 338 2672 ι,
358 2603 418 2661 135.
437 2605 500 2660 277.
537 2603 592 2656 Aut
610 2613 756 2676 utrumque
774 2604 803 2657 iu
824 2601 900 2658 libris
916 2615 982 2672 erat,
1000 2617 1047 2660 aut
1065 2605 1228 2673 zenodotus,
1246 2609 1292 2662 cui

294 2755 344 2822 49)
363 2755 430 2808 Rem
451 2751 575 2823 pervertit
591 2751 711 2824 Heynius
729 2754 792 2824 (Vll
811 2775 836 2825 p.
855 2753 940 2822 270),
967 2752 1013 2825 qui
1037 2746 1100 2810 dicit
1119 2747 1290 2808 Zenodotum

242 2825 334 2892 σχεδόν
350 2823 443 2876 οὔτασε
462 2823 579 2888 dedisse,
596 2843 648 2889 „ue
666 2821 771 2890 βάλλειν
789 2838 883 2880 contra
903 2845 980 2878 usum
999 2821 1171 2878 Homericum
1188 2826 1290 2880 dictum

242 2896 332 2951 esset.”
374 2894 520 2948 Aristarchi
539 2905 710 2965 pracceptum
731 2897 764 2950 de
788 2896 828 2950 his
847 2897 931 2951 verbis
955 2895 1148 2966 distinguendis
1163 2897 1293 2952 Zenodo-

241 2980 333 3021 turne
350 2967 422 3020 norit
441 2965 558 3040 quidem.
595 2966 727 3039 ileynium
747 2968 900 3022 fefellerunt
914 2969 1054 3022 Aristonici
1066 2969 1154 3034 rerba,
1174 2987 1228 3022 non
1247 2987 1293 3024 sa·-

240 3035 501 3164 tirreotessprolata:
525 3033 630 3104 Ἀγνοετ
644 3042 690 3106 dt,
718 3033 759 3092 ότι
782 3045 809 3092 λιι
825 3042 913 3111 βολῆς
927 3045 1065 3111 visumar·
1110 3039 1152 3094 cf.
1174 3041 1247 3094 inira
1265 3062 1292 3097 c.

241 3111 276 3164 lX
296 3123 350 3164 not.
390 3148 397 3164 .
473 3121 476 3125 '
1032 3155 1034 3160 .
1071 3136 1073 3144 ·
1217 3135 1221 3144 ·

293 3183 341 3250 50)
359 3181 460 3236 Contra
485 3179 669 3234 Aristarchum
693 3181 763 3234 bene
789 3181 894 3236 monuit
919 3180 1061 3236 Seleucus:
1091 3177 1131 3234 Ori
1155 3180 1292 3236 δύνασθαι

241 3252 332 3322 σχεδόν
349 3253 428 3321 βάλεν
446 3252 517 3323 (lege
543 3255 665 3318 λέγεσθαι
689 3249 859 3318 σχεδόθεν
886 3253 1014 3320 βάλεν).
1055 3247 1140 3319 Nam,
1170 3257 1291 3328 quamvis

240 3328 322 3392 dicas,
342 3327 466 3392 σχεδόθεν
485 3323 603 3377 indicare
622 3341 677 3377 non
695 3323 790 3395 procui
810 3324 923 3378 abfuisse
942 3325 1120 3394 Euphorbum
1138 3323 1293 3380 aPatroclo

237 3401 284 3462 (cf.
304 3397 326 3464 ζ,
348 3398 407 3452 121.
425 3417 456 3458 ν,
475 3396 536 3452 559.
553 3415 582 3464 ρ,
597 3394 663 3452 000.
682 3395 772 3448 Lehrs.
791 3415 816 3466 p.
835 3397 900 3463 71),
919 3397 1004 3468 probe
1017 3397 1290 3452 animadvertendum
1371 3417 1376 3424 ·

240 3483 289 3536 est,
320 3487 459 3538 nunquam
479 3465 569 3533 σχεδόν
586 3467 702 3536 apponi,
730 3467 780 3524 uisi
804 3469 832 3520 in
860 3468 1015 3523 uulneribus
1039 3470 1162 3523 cominus
1191 3470 1292 3538 inlatis,

240 3553 266 3596 et
290 3537 381 3604 σχεδόν
402 3537 494 3590 οότασε
522 3541 563 3606 (ε,
581 3537 642 3593 458.
667 3536 729 3594 883.
756 3559 787 3610 ρ,
813 3538 895 3606 601),
920 3537 1011 3605 σχεδόν
1029 3535 1108 3608 ἤλασε
1139 3542 1181 3609 (ν,
1209 3541 1291 3606 576),

240 3608 331 3680 σχεδόν
349 3610 414 3671 τύψε
434 3612 478 3677 (a,
497 3607 560 3664 378.
578 3608 645 3674 462)
665 3620 691 3663 et
706 3609 808 3684 [similia
828 3607 874 3676 (ci.
890 3632 921 3679 φ,
943 3609 1014 3678 179),
1035 3630 1175 3683 uunquam
1194 3609 1290 3678 σχεδόν

239 3683 291 3738 sive
311 3675 436 3747 σχεδόθεν
453 3677 532 3746 βόλεν
547 3680 609 3750 legi.
1051 3687 1056 3694 ’

294 3754 340 3818 51)
358 3752 449 3806 Schol.
467 3761 502 3805 A:
531 3750 676 3820 Ζηνόδοτος
705 3748 750 3802 διδ
776 3753 825 3802 τοῦ
849 3758 863 3803 ὅ
883 3748 1120 3822 ἀναβέβροχεν.
1170 3756 1205 3807 At
1231 3765 1288 3808 tum

239 3826 394 3879 Zenodotus
413 3825 450 3876 rix
470 3815 515 3874 iid'
530 3821 619 3894 legere
639 3823 740 3892 potuit,
764 3823 809 3875 scd
828 3815 855 3888 ό,
884 3824 1071 3896 ut'resiigiaa
1089 3826 1224 3894 digamma
1245 3845 1292 3878 re-

237 3899 299 3952 licta
319 3915 374 3950 non
394 3895 591 3949 oblitteraverit.
617 3895 689 3946 -lam
709 3893 843 3948 Bentleius
869 3895 906 3947 oh
922 3895 1056 3966 digamma
1074 3917 1099 3952 r.
1118 3895 1176 3956 ἅλις
1195 3900 1291 3952 conic-

240 3963 352 4024 cerati.
389 3965 430 4019 Cf.
448 3959 567 4036 licynius
585 3965 633 4017 Vll
654 3985 678 4034 [ν.
697 3965 778 4020 301.Ι
1031 3981 1033 3988 ’

293 4041 338 4107 52)
358 4037 447 4094 Schol.
467 4038 522 4092 hr.:
553 4033 800 4106 ssrufiiflsnlru
826 4034 886 4090 cirri
913 4040 962 4090 asli
989 4035 1153 4091 circuiretur
1171 4039 1237 4104 (od.
1261 4063 1289 4106 μ,

239 4113 311 4178 2110)·
331 4107 423 4164 Ιελνδὲ
452 4106 702 4178 ἀναβέβροχεν,
719 4111 810 4178 ΙδιῙλοῖ
831 4106 983 4181 α’ναβρόενν,
1009 4103 1023 4161 ό
1052 4111 1121 4162 ἔστιν
1148 4109 1290 4180 &scandulas

577 4177 581 4196 Ι
623 4175 631 4194 Ι

239 4191 284 4236 καλ
301 4181 497 4247 ἀναβάλλεσθαι
515 4200 580 4243 μετα
599 4197 692 4244 ψοφοσ.
