2880 4888
737 359 787 435 64

240 551 343 622 ται,3
364 552 394 608 ori
410 549 557 615 σειμφοννεί·
576 550 645 602 ἔστιν
663 535 708 600 οὖν
725 544 785 599 α’ντί
804 546 850 600 τοῦ
867 549 1049 602 ἐπίσταται
1069 554 1113 602 ναί
1124 553 1294 619 μετείληπται

240 641 271 696 τί
290 651 307 695 ἅ
326 647 361 703 είς
379 640 411 694 ed
431 647 458 712 ἢ.
494 639 529 693 At
552 637 613 692 talia
628 636 785 692 zenodotus
811 655 865 690 non
884 635 973 698 tinxit,
997 655 1088 690 rerum
1108 638 1134 690 in
1154 637 1228 692 libris
1248 638 1294 691 in-

241 734 326 798 venit,
345 730 417 802 quod
436 748 468 782 eo
487 726 678 791 confirmatur,
708 725 780 796 quod
805 723 884 778 lones
906 729 1072 776 πεποιίανται
1089 737 1115 779 et
1131 731 1294 793 μεμενίανται

241 821 333 873 dixisse
351 817 534 891 perhibentur.
571 815 613 870 Cs.
632 813 706 866 Eust.
725 831 752 884 p.
774 809 851 876 1885,
868 811 903 867 51
927 831 967 883 sq.
1009 813 1063 866 Pro
1082 820 1223 882 πεποίημαι
1241 815 1293 884 igi-

241 909 379 964 turinnes
403 905 476 959 brevi
495 904 608 958 voculis
631 921 687 958 non
712 902 847 974 productn'
868 902 1021 954 formarunt
1045 900 1127 954 vocali
1152 921 1170 952 α
1194 901 1293 955 inserta

241 999 457 1057 πεποιί-α-μαι,
475 996 694 1056 πεποιί-α-ται,
714 993 928 1043 πεποιί-α-ντο.
966 987 1052 1041 Simili
1073 988 1153 1042 modo
1171 991 1294 1042 v'etustis·

240 1082 305 1136 sima
327 1077 580 1153 plusquamperfecti
599 1079 686 1130 forma
704 1077 732 1130 in
752 1095 796 1142 εσ,
820 1096 878 1138 ene,
898 1075 970 1148 quod
991 1087 1095 1148 tempus
1114 1078 1292 1148 compositum

241 1189 296 1223 non
318 1187 373 1222 esse
391 1187 479 1239 nuper
497 1179 590 1222 contra
605 1165 728 1233 Curtium
747 1165 887 1218 ostendere
907 1165 995 1218 conati
1013 1184 1104 1218 sumus
1124 1167 1172 1233 (cf.
1184 1165 1292 1220 Haeseri

241 1256 424 1330 ephemerides
447 1254 593 1326 cognitioni
612 1253 766 1324 linguarum
785 1252 884 1307 dicatas
901 1252 925 1306 li
944 1272 970 1324 p.
990 1251 1025 1310 81
1045 1258 1110 1325 sq.)‚
1137 1254 1292 1324 explicanda

190 1343 195 1354 “
241 1347 353 1400 ridetur.
387 1343 552 1396 Ἐπιστίαται
570 1361 633 1396 vero
650 1339 811 1396 coniunctiei
829 1341 916 1394 forma
935 1341 1054 1408 videtur,
1080 1361 1149 1412 quae
1167 1342 1201 1395 ab
1219 1341 1317 1396 1ηάἰὲ

243 1436 328 1492 catino
346 1433 438 1486 ditten
465 1430 548 1485 vocali
573 1451 590 1482 α
614 1429 727 1491 inserta,
750 1439 811 1483 ante
831 1447 912 1500 quam
937 1451 954 1480 α
970 1430 1074 1487 ,τοᾶἰοὶν
1098 1431 1125 1482 in
1150 1449 1177 1495 ε,
1206 1442 1234 1484 ut
1252 1431 1292 1498 fit,

244 1523 360 1587 transiit;
382 1520 453 1593 quod
474 1539 509 1572 ne
527 1517 647 1583 mireris,
671 1519 773 1588 cogites
792 1517 995 1572 coniunctisum
1010 1518 1043 1570 ab
1063 1519 1204 1572 indicativo
1221 1539 1293 1572 sem·

242 1631 292 1684 per
309 1609 421 1663 formari
441 1607 522 1662 vocali
542 1605 641 1659 addita.
677 1604 720 1658 cf.
741 1603 849 1658 Curtius
868 1605 885 1660 Ι.
905 1605 922 1659 Ι.
940 1625 966 1677 p.
984 1606 1037 1662 245
1047 1626 1106 1678 sqq.
1127 1607 1294 1662 Aristarchus

242 1702 342 1755 formas
361 1696 546 1752 vetustissimas
563 1713 577 1748 a
597 1693 737 1748 Zenodoto
756 1704 827 1747 recte
844 1704 958 1747 servatas
977 1693 1151 1750 oblitteravit:

296 1785 415 1838 Alteram
440 1782 525 1836 dualis
550 1799 691 1851 personam
713 1791 866 1852 temporum
892 1780 1079 1836 historicorum
1104 1784 1132 1836 in
1149 1803 1197 1852 την
1223 1782 1293 1836 desi-

243 1884 352 1926 nentem
371 1882 410 1924 ter
428 1871 455 1922 in
476 1869 630 1922 Zenodotea
649 1868 804 1920 recensione
823 1870 989 1940 reperimus,
1007 1876 1039 1937 θ,
1057 1871 1111 1926 448
1128 1875 1250 1941 καμέτην,
1270 1892 1293 1933 κ,

178 1949 181 1963 ’
243 1961 295 2018 545
314 1962 441 2027 λαβέτην,
467 1961 490 2020 ί,
510 1956 562 2011 782
581 1952 718 2026 ἠθελέτην.
759 1955 926 2011 Aristarchus
945 1958 992 2012 has
1015 1960 1190 2030 scripturase
1218 1972 1294 2014 vetu-

243 2047 360 2104 stissimis
384 2046 459 2099 libris
484 2055 643 2117 propagatas
668 2044 789 2098 correxit.
829 2045 984 2101 Zenodotus
1012 2065 1044 2100 eo
1063 2049 1152 2103 minus
1169 2049 1293 2112 ostendii.

242 2139 315 2211 quod
335 2135 470 2190 contrario
488 2132 570 2186 modo
595 2149 792 2203 nonnunquam
811 2132 958 2188 Homerum
978 2138 1081 2190 tertiam
1100 2137 1184 2192 duaiis
1202 2157 1294 2208 perso·

244 2245 305 2278 nam
324 2224 353 2276 in
379 2221 544 2293 temporibus
569 2220 700 2275 historicis
725 2221 754 2276 iu
778 2242 824 2273 τον
841 2221 959 2276 formare
977 2222 1052 2290 vidit,
1081 2225 1152 2295 quod
1181 2225 1293 2280 hodiee

242 2311 407 2368 carminibus
425 2309 574 2362 Homericis
600 2327 654 2362 non
674 2308 808 2362 sublatum
834 2329 889 2362 esse
909 2322 1021 2366 constat.
1059 2313 1207 2368 Praesentis
1233 2317 1291 2369 sor·

245 2420 316 2454 mam
335 2399 440 2454 tertiam
464 2396 549 2450 dualis
575 2396 782 2468 sonrthsdegit
800 2397 953 2452 Zenodotus
972 2405 1002 2466 θ,
1023 2401 1074 2456 109
1086 2399 1143 2467 4⁶),
1172 2402 1217 2456 ubi
1238 2403 1291 2456 im·

244 2490 392 2562 perfectum
411 2505 466 2539 esse
485 2485 587 2556 nequit.
626 2485 794 2538 Aristarchus
811 2499 884 2540 recte
902 2495 1025 2549 κομείτων
1045 2490 1165 2544 restituit.

294 2578 331 2642 A,
350 2575 386 2630 42
410 2573 565 2627 Zenodotus
588 2577 685 2625 τίσαιεν
713 2592 764 2644 pro
790 2578 904 2641 τίσειαν,
935 2595 1016 2646 quam
1043 2577 1159 2630 sormam
1187 2575 1290 2630 reduxit

243 2663 429 2728 Aristarchus,¹
456 2661 555 2716 Dorico
579 2665 677 2712 τίσσιεν
701 2671 788 2730 spreta
804 2658 855 2727 4⁶).
906 2661 1110 2718 CbAhrens.1
1138 2684 1163 2736 p.
1182 2664 1233 2719 148
1250 2683 1292 2733 sq.

244 2753 267 2804 ii
287 2773 312 2824 p.
330 2748 393 2804 335.
429 2747 503 2816 Quid
523 2748 556 2801 sit
576 2746 676 2812 verius,
695 2747 747 2799 iam
768 2766 840 2800 nunc
859 2748 1004 2803 diiudicare
1024 2771 1080 2804 non
1100 2771 1247 2824 possumus.

297 2838 340 2890 De
358 2835 543 2887 adverbiorum
562 2834 654 2886 formis
673 2833 725 2888 boc
743 2846 846 2890 tuntum
866 2839 1047 2905 monendum,
1074 2841 1146 2911 quod
1165 2840 1293 2894 Zenodo-

244 2935 286 2977 tus
303 2944 325 2986 ο,
345 2922 399 2976 470
417 2918 514 2991 πρῴην,
534 2922 700 2976 Aristarchus
719 2922 817 2992 πρώϊον
834 2925 983 2995 scripserat,
1001 2927 1046 2978 ubi
1063 2926 1209 2996 Didymus:
1227 2924 1292 2986 Ἀμ-

244 3007 340 3074 φᾶτερα
358 3006 507 3079 γράφεσθαί
526 3028 602 3078 φησιν
621 3006 633 3061 ὅ
651 3007 822 3082 Ἀρίσταρχος
841 3008 950 3080 πρῴην
969 3019 1012 3064 καὶ
1030 3012 1168 3086 πρώϊον,
1194 3012 1292 3067 ruriciis

160 3115 175 3132 ‘
244 3102 273 3152 «tt
292 3099 316 3156 ἔξ
341 3098 462 3169 εἰατίρου
487 3104 669 3168 σημαίνεσθαι,
723 3103 756 3151 At
776 3099 954 3153 Aristonicus:
978 3096 1107 3164 ’Ἐμφασις
1135 3106 1163 3156 tt
1192 3097 1292 3170 γίνεται

244 3190 359 3246 πλείονος
372 3187 485 3256 χρόνου·
503 3183 534 3238 cd
553 3191 582 3239 di
600 3183 733 3256 πρώϊον
751 3191 806 3239 ἔστί
820 3190 933 3257 πρωίας·
951 3195 995 3240 ναί
1012 3188 1063 3258 ydp
1081 3197 1181 3258 yiyom
1199 3186 1304 3251 odron·

247 3276 343 3347 Πρῴην
361 3276 474 3348 legimus
499 3297 519 3342 ε,
538 3275 598 3331 832.
618 3296 653 3342 οι,
679 3275 740 3330 500.
788 3274 830 3327 Cf.
850 3275 937 3347 Etym.
963 3297 989 3348 p.
1009 3278 1070 3347 692,
1090 3281 1107 3334 4
1124 3300 1183 3352 sqq.
1229 3283 1294 3336 Ari·

245 3367 363 3422 starchus
380 3365 522 3418 meliorum
540 3364 671 3417 librorum
691 3363 873 3417 auctoritatem
892 3376 997 3418 secutus
1015 3385 1069 3418 esse
1087 3366 1198 3422 videtur.

299 3452 329 3506 in
347 3454 487 3520 omnibus,
517 3471 583 3523 quos
614 3453 752 3524 hucusque
783 3453 977 3519 recensuimus,
1004 3453 1068 3508 locis
1095 3455 1161 3508 duas
1188 3467 1292 3530 tontum

248 3581 524 3594 -u—-o-ss-——fl

298 3643 343 3708 45)
363 3643 444 3712 Quod
463 3645 490 3696 in
510 3642 601 3698 Schoi.
621 3647 645 3696 V
664 3647 696 3700 ad
717 3653 746 3713 θ,
770 3645 819 3702 113
839 3647 951 3720 legiturs
979 3644 1156 3715 Ἀρίσταρχος
1173 3651 1219 3710 μίν
1237 3670 1292 3699 κο.

244 3722 380 3780 μείτοιν,
404 3713 552 3782 Ζηνόδοτος
570 3719 598 3770 δὲ
619 3723 793 3788 κομείτην,
819 3720 852 3771 ad
878 3741 899 3772 r.
922 3720 971 3775 109
990 3721 1123 3790 pertinere
1148 3719 1200 3772 iam
1218 3720 1293 3791 Hey-

246 3788 305 3840 nius
323 3788 361 3851 (V
382 3807 407 3855 p.
427 3785 490 3851 726)
507 3787 579 3839 vidit.

298 3859 346 3923 46)
361 3857 451 3910 schot.
469 3858 504 3908 A:
535 3862 678 3914 Τίσειαν.
704 3855 744 3910 ὅτι
763 3856 910 3930 Ζηνόδοτος
929 3867 1036 3927 τίσειεν,
1063 3861 1109 3914 ubi
1128 3874 1199 3914 recte
1219 3862 1293 3932 liey-

246 3931 305 3982 nius
322 3931 373 4000 (IV
405 3949 430 4000 p.
448 3929 509 3992 42);
544 3928 689 4001 „Sphaima
720 3931 770 3984 boc
796 3953 849 3984 esse
869 3933 960 3986 debuit
988 3933 1149 3986 recensionis
1166 3934 1293 3986 Zenodo-

247 4014 315 4057 teae:
347 4012 393 4053 aut
418 4001 517 4069 {egerat
540 4001 583 4053 iiie
606 4002 726 4057 τίσαιεν.”
768 4003 878 4056 Heisteri
904 4005 1033 4057 sententia
1061 4008 1101 4074 (p.
1123 4005 1185 4069 11),
1205 4025 1291 4075 equa

246 4074 314 4130 dnae
334 4072 392 4125 iiiae
412 4073 528 4135 formae,
546 4079 643 4125 τίσειαν
661 4082 808 4142 αι’τίσειεν,
835 4075 955 4129 nondum
975 4075 1074 4129 inerint
1091 4076 1216 4142 diversae,
1237 4095 1293 4129 non

247 4145 340 4210 habet,
359 4165 413 4215 eruo
432 4163 459 4197 se
480 4155 591 4198 tueatur.
