2886 4890
647 387 716 464 131
747 451 749 458 .

193 561 234 645 Δ,
252 575 307 632 277
324 573 480 630 Zenodotus
505 571 699 629 discretim
724 578 862 649 praetulit,
893 579 1062 639 Aristarchus
1086 585 1195 642 ἄνευθεν

139 661 221 730 tisri,
255 681 340 735 quum
369 663 454 735 probe
478 662 654 736 intelligeret,
683 661 726 720 hic
750 661 861 720 minime
886 667 920 722 tle
950 683 1056 741 pastore
1079 675 1195 732 abeunte

141 747 266 820 (ἄνευθεν
282 745 379 820 tint),
398 750 443 804 sed
463 750 496 805 de
515 768 548 806 eo
568 753 627 824 agi,
647 753 692 826 qui
712 753 806 826 procul
827 755 900 810 abest
919 775 934 809 a
955 759 1031 814 mari.

195 843 232 904 Ζ,
253 836 304 895 135
320 829 374 913 Ιρτο
391 842 520 912 φοβηθεὶς
537 843 697 914 ¹emendavit
722 844 852 908 χολωθεὶς
879 844 914 897 ob
941 864 1055 917 sequens
1078 849 1196 906 δειδιότα

142 930 180 997 (r.
199 927 284 997 137),
310 947 345 982 nc
363 927 434 982 idem
454 929 494 983 bis
511 928 661 996 dicereturs
686 942 713 985 at
733 932 801 985 iram
819 933 862 986 dei
881 933 926 988 hic
942 935 1033 1006 inepte
1051 937 1196 1012 interponi,

143 1037 199 1071 non
219 1028 272 1084 est,
290 1015 363 1090 quod
382 1017 491 1072 uberius
504 1019 695 1073 demonstrem.
729 1019 869 1092 suspicari
888 1023 997 1096 quidem
1018 1027 1117 1097 possis,
1143 1029 1197 1083 Ze-

143 1105 276 1159 nodotum
301 1115 403 1159 metum
431 1105 482 1160 deo
508 1106 650 1178 indignum
678 1105 816 1179 babuisse,
836 1110 883 1165 sed
911 1121 969 1165 tum
997 1113 1076 1168 etiarn
1101 1135 1123 1170 ν.
1145 1115 1196 1173 137

144 1194 241 1248 eiicere
259 1193 366 1258 debuit,
384 1194 455 1265 quod
474 1211 540 1248 num
559 1195 668 1263 lecerit,
686 1197 791 1252 dubito.

176 1281 179 1289 ⁴
197 1282 225 1350 l,
244 1280 298 1338 512
315 1282 484 1336 zenodorus:

251 1367 301 1444 Mi,
315 1391 360 1434 μοι
377 1365 466 1436 σύγχει
484 1354 571 1434 druis
589 1367 814 1443 σ’δυρὸγεενος,
833 1373 1016 1447 εννυρίζευν
1030 1375 1080 1445 ⁶²).

144 1457 314 1514 Aristarchus
332 1461 369 1513 tsi
383 1455 525 1529 στήθεσσιν
542 1455 640 1524 tilerias
665 1461 798 1532 praetulit.
841 1462 956 1536 Vulgata
981 1463 1115 1537 scriptura
1132 1449 1202 1518 ι’δυ·ι

144 1543 252 1620 ρὸμενεις
273 1551 318 1600 καὶ
341 1543 440 1615 α’χειῖενν
463 1567 478 1603 e
503 1546 570 1602 locis
584 1567 618 1616 ss,
639 1547 699 1605 128.
745 1547 850 1617 03.·β,ῑ
861 1550 905 1607 23.
923 1555 951 1620 δ,
972 1553 1072 1619 1001,
1091 1551 1126 1609 10
1143 1553 1197 1608 huc

144 1635 272 1690 translata
289 1645 336 1690 est.
369 1633 516 1705 Karoptl'us
534 1636 604 1690 bene
623 1656 696 1704 rem,
713 1632 747 1690 de
766 1655 820 1710 qua
839 1639 945 1710 agitur,
964 1639 1098 1712 designat,
1118 1652 1148 1694 ut
1162 1643 1196 1694 de

144 1723 255 1778 veritate
271 1723 419 1796 scripturae
434 1723 616 1792 zenodotus,
634 1743 704 1798 quae
722 1737 796 1782 certe
813 1727 1007 1798 significantior
1025 1741 1062 1782 est
1080 1729 1198 1782 Aristar-

144 1811 227 1878 cbea,
244 1829 301 1866 non
319 1810 447 1900 dubitem.
485 1811 601 1868 Achilles
619 1829 676 1868 rem
694 1825 768 1870 recte
785 1827 874 1887 auget,
892 1814 1056 1870 Phoenicem
1075 1829 1197 1881 monens,

145 1921 180 1956 ne
197 1899 433 1955 lamentationibus
447 1900 536 1973 ipsum
555 1902 655 1975 fatiget.
697 1903 741 1957 D'e
764 1903 870 1958 duobus
888 1905 1035 1979 participiis
1052 1903 1198 1964 ‹iniudirne

145 1990 239 2062 positis
256 1989 291 2044 cl.
310 1987 437 2044 Matthiae
459 2005 572 2061 gramm.
602 1996 630 2057 S.
648 1990 711 2058 557,
730 1989 772 2064 3.,
802 1991 960 2047 Bernhardii
991 2004 1059 2065 synt.
1089 2013 1117 2066 p.
1134 1995 1197 2050 473.

47 2144 51 2153 Ι
145 2077 292 2133 Hermann.
311 2075 394 2148 Soph.
412 2075 482 2130 Oed.
500 2075 559 2132 Col.
579 2078 639 2134 175.
682 2077 733 2132 llic
756 2079 904 2150 asyndeton
923 2079 1108 2152 gradationem
1128 2082 1197 2133 bene

145 2165 255 2222 indicat.
269 2161 438 2218 Aristarchus
446 2165 607 2246 scripturam
618 2165 707 2218 minus
718 2165 802 2218 siside
811 2185 867 2219 rem
879 2167 1075 2220 describentem
1088 2169 1197 2240 recepit.

199 2253 238 2320 0,
255 2251 307 2310 sot
328 2252 484 2309 zenodotus
500 2259 582 2322 βοῶν,
609 2252 778 2308 Aristarchus
795 2255 873 2320 βιβάς
882 2253 933 2322 ⁶⁸).
968 2258 1058 2321 Βσῶν,
1086 2257 1198 2312 tortasse

149 2343 203 2395 ism
222 2353 282 2396 ante
299 2341 469 2402 Zenodotum
488 2361 502 2396 e
517 2346 545 2409 β,
563 2341 617 2398 221
635 2339 688 2396 bue
707 2341 880 2426 translatum,
898 2353 989 2396 nostro
1007 2341 1068 2398 loco
1086 2345 1197 2398 minime
1282 2404 1295 2417 ‚

147 2543 292 2617 „pipilant
312 2543 455 2616 passerculi
474 2545 553 2598 etiarn
573 2545 745 2611 moribundi,
764 2564 819 2598 non
839 2541 975 2608 stridunt,
1004 2552 1034 2595 ut
1051 2553 1162 2614 spectra*
1175 2555 1200 2598 et

149 2617 349 2691 vespertiliones
366 2614 409 2686 (ll.
429 2633 459 2682 ψ,
480 2617 539 2673 llll.
558 2618 612 2673 Od.
631 2639 666 2684 αν,
686 2617 702 2672 5
721 2619 789 2690 sqq.)
815 2625 860 2669 aut
883 2625 914 2668 ut
941 2623 1013 2684 terga
1039 2611 1198 2669 luctantium

147 2691 194 2758 (ll.
211 2707 241 2754 ψ,
259 2689 338 2755 tlt).
356 2715 391 2730 -·-
427 2688 518 2742 Altera
537 2709 647 2764 quoque
665 2707 695 2743 re
713 2689 816 2760 vulgata
835 2687 863 2739 in
881 2685 1061 2757 suspicionem
1082 2697 1199 2742 roratur.

148 2763 213 2816 Post
233 2772 334 2814 mutam
352 2758 425 2814 enim
443 2760 558 2816 litteram
578 2761 590 2815 i
608 2765 637 2816 in
655 2761 778 2815 derivatis
804 2757 915 2831 perlecti
940 2756 1035 2810 formis
1056 2775 1111 2812 non
1133 2779 1200 2830 pro·

149 2834 274 2896 ducitur,
301 2833 351 2884 nisi
370 2833 398 2885 in
417 2831 469 2886 boc
487 2852 542 2890 uno
560 2839 734 2903 τετριγῶτας,
762 2851 884 2903 proquo
902 2829 1035 2894 llomerus
1051 2840 1097 2884 aut
1114 2851 1201 2901 τετρι-

148 2903 231 2974 γότας
249 2904 369 2970 dixisset,
394 2915 439 2956 aut
458 2916 544 2958 metro
564 2917 677 2976 cogente
695 2911 875 2972 τενρὶγσντιις,
902 2912 932 2954 ut
956 2911 982 2954 et
1006 2898 1156 2970 νενλνγγὸτες
1175 2913 1201 2956 et

150 2974 317 3042 κενλῆγσντες
334 2975 405 3042 dixit,
431 2995 486 3029 non
514 2979 678 3046 νενληγῶτες.
725 2973 778 3026 Sed
799 2972 972 3026 Aristarchus
993 2971 1040 3036 (cf.
1059 2971 1149 3027 Schol.
1170 2972 1200 3027 ll.

149 3071 179 3114 π,
197 3047 260 3103 430.
295 3046 350 3102 Od.
367 3049 389 3112 ξ,
408 3045 454 3113 30)
474 3049 629 3117 νενλνγγῶτες
646 3065 725 3099 ausus
750 3057 788 3098 est
806 3045 932 3099 scribere.
977 3043 1050 3113 Ergo
1070 3055 1107 3096 est
1118 3043 1201 3110 facile

150 3121 285 3185 divinare,
298 3119 355 3190 -qui
370 3125 530 3188 τετριγῶτας
547 3121 575 3172 in
593 3119 666 3173 hunc
685 3117 775 3170 locum
794 3115 950 3170 induxerit?
985 3114 1021 3168 At
1032 3116 1202 3182 ,κεκληγῶτας

150 3195 179 3248 in
207 3191 290 3246 altera
316 3190 432 3244 editione
458 3191 578 3262 scripsit,
605 3201 631 3244 et
657 3199 750 3243 nostro
772 3187 834 3240 loco
851 3189 1010 3256 τετριγῶτας
1029 3183 1110 3250 dedit,
1129 3186 1202 3256 quod

152 3263 249 3337 optimi
267 3261 327 3314 libri
346 3262 541 3333 praebuerunt;
565 3259 692 3326 minime,
720 3278 788 3332 quae
809 3257 904 3327 bangii
924 3254 1053 3308 sententia
1073 3266 1124 3321 est,
1144 3256 1202 3307 lor-

151 3356 210 3390 mas
228 3333 352 3390 1η-ῶτας
377 3345 476 3388 temere
504 3331 608 3386 invexit.
660 3339 746 3401 Atque
770 3331 926 3397 rsripyr'rrrc
949 3327 1001 3396 iam
1026 3323 1205 3396 Apollonium

151 3406 287 3462 Rhodium
312 3405 339 3457 in
359 3404 477 3458 Homero
502 3404 595 3474 legisse
612 3401 727 3458 ostendit
752 3400 827 3454 loeus
845 3406 947 3470 Argon.
963 3397 1010 3464 tv,
1027 3395 1089 3452 876.

205 3477 257 3542 82)
274 3475 335 3528 Non
356 3486 426 3542 erat,
451 3495 500 3530 cur
521 3475 645 3547 Spitsner
662 3472 833 3526 Zenodotum
857 3466 995 3538 μινυρίζων
1013 3470 1049 3534 (ε,
1067 3467 1130 3524 889.
1149 3465 1203 3522 Od.
1317 3457 1327 3465 ⁸

152 3552 180 3619 d,
198 3549 263 3612 719)
280 3548 383 3601 dedisse
401 3548 590 3618 suspicaretur.
641 3543 772 3616 Kossinites
791 3540 928 3596 descendit
946 3559 960 3594 a
980 3535 1083 3608 νινυρός
1102 3540 1140 3610 (l,
1158 3539 1202 3596 20.

153 3644 179 3691 ρ,
198 3620 238 3686 5).
273 3617 316 3673 cf.
335 3617 460 3673 bobeclii
477 3617 599 3674 Rbemat.
626 3636 652 3689 p.
669 3613 732 3673 226.
780 3613 948 3668 Aristonicus
964 3622 1058 3698 pontra
1076 3611 1205 3666 Zenodo-

153 3705 212 3748 tum
233 3701 339 3744 monet:
350 3687 428 3742 Ἔστι
446 3693 475 3742 dl
493 3687 540 3755 εεῗχ
558 3682 698 3760 Ὀμηριιδν
717 3691 761 3740 ναὶ
780 3681 853 3756 nupsi
870 3681 901 3736 rd
922 3701 1066 3752 ,ιρσςννααα

208 3761 254 3832 63)
270 3761 361 3820 Schol.
382 3763 405 3815 A
431 3761 555 3816 hicnon
581 3769 724 3830 corruptus
751 3769 804 3823 est,
829 3755 903 3828 quod
927 3754 1050 3825 Spitsner
1068 3751 1092 3837 ll
1122 3771 1150 3824 p.
1168 3751 1204 3808 24

151 3835 245 3902 soluit,
263 3833 318 3900 ssd,
336 3831 407 3886 utin
426 3833 645 3888 annotationibus
661 3827 849 3884 contrahendis
866 3827 912 3893 fit,
929 3826 993 3879 laisa
1012 3823 1101 3889 tradit,
1120 3841 1203 3895 quum

153 3907 298 3961 lectionem
315 3909 407 3970 βιβῶν,
424 3923 494 3976 quae
512 3904 627 3962 aliorum
646 3902 705 3968 luit,
725 3898 878 3954 Aristarcho
896 3898 1002 3952 tribuat.
1038 3892 1205 3947 Aristarchus
1304 3923 1307 3928 ·

152 4001 180 4049 νγ,
199 3976 262 4036 213.
279 3999 301 4043 α,
319 3974 373 4031 6811
390 3975 483 4042 βιβάς,
508 3999 532 4044 ν,
552 3975 603 4032 371
628 3973 741 4040 βιβάντα
763 3970 882 4042 scripsit,
911 3969 957 4022 ubi
983 3965 1141 4048 aliiflsssoir,
1162 3970 1205 4029 βι-

152 4057 252 4116 βῶντα,
268 4047 344 4101 unde
362 4047 395 4100 dc
412 4047 580 4105 Aristar-ebes
601 4045 683 4100 nostri
703 4043 755 4097 loci
774 4043 906 4113 scriptura
926 4040 964 4092 sis
982 4037 1124 4090 dubitabis.
1150 4033 1205 4124 'ce'

153 4118 446 4248 pieeplsppperzpptippppum
472 4137 528 4226 non
547 4120 637 4174 minus
660 4139 685 4227 γ,
703 4115 749 4184 22,
767 4115 812 4169 nbi
840 4129 914 4168 nunc
937 4113 1068 4177 βιβῶντα,
1092 4111 1204 4173 βιβανια

941 4267 977 4322 9*
