2886 4890
723 395 775 491 79

391 582 442 638 Τδν
460 581 486 635 d'
501 581 588 652 ἕτερον
604 582 671 642 ξίφεϊ
687 575 789 650 μογιὶίῳ
801 573 901 651 κληῗδα
919 575 979 649 παρ’
997 564 1079 642 οἷμον,

224 678 328 750 scripsit
346 678 394 730 τοῦ
412 671 438 727 d'
456 673 557 742 sisipoti,
576 691 597 736 r,
618 670 668 725 155
686 688 740 740 sq.=

558 760 638 810 Φίλαν
655 754 682 810 δ’
699 761 815 816 ἐξαίνυτο
835 752 927 818 derude.

390 847 544 916 α’μφοτίρα,
633 879 638 884 -

221 939 387 1010 ὀμφντὲραν,
406 942 434 1003 Ε,
454 935 521 993 208:

397 1030 433 1078 Et
450 1031 521 1077 κείνω
539 1021 564 1090 γ’
580 1026 678 1076 initum
696 1023 929 1092 παραιπεπιθοῦσα
946 1021 1021 1082 otto·
1039 1021 1105 1089 κῆρ,

222 1127 323 1182 nurus,
340 1113 374 1183 γ’,
391 1115 418 1168 ni
437 1113 532 1177 failor,
559 1111 656 1165 omisso
669 1109 721 1180 ²4),
745 1120 775 1162 ut
796 1129 823 1175 χ,
842 1109 895 1165 216
914 1095 979 1162 suis
1002 1127 1053 1179 pro
1071 1108 1120 1159 snt
1139 1102 1172 1172 γ’,
1199 1101 1275 1176 quod

222 1205 343 1278 probarit
363 1200 560 1273 Aristophanes.
597 1199 639 1252 De
657 1199 725 1252 loeis
742 1199 796 1252 Od.
814 1216 839 1264 o,
853 1197 915 1254 347.
934 1218 958 1262 o,
975 1195 1030 1254 286
1047 1195 1113 1250 oiim
1130 1193 1173 1263 (in
1191 1191 1276 1264 epire-

221 1313 288 1348 mer.
307 1289 375 1344 stud.
395 1289 517 1360 antiquit.
538 1285 606 1344 1836
626 1308 652 1360 p.
669 1287 738 1357 851)
754 1289 813 1358 egi,
832 1287 878 1340 ubi
898 1285 1081 1340 Zenodotumr

390 1373 449 1448 Δίῃ
470 1373 532 1442 ἄχος
551 1379 661 1447 κραδίην
678 1376 846 1446 Λαερτιάδεω
864 1372 1011 1444 Ὀδυσῆος,

223 1465 325 1520 dedisse
342 1464 420 1518 tacite
440 1461 584 1537 colligitur.
631 1464 746 1518 Duobus
770 1464 828 1517 aiiis
851 1463 919 1517 iocis
935 1459 1076 1516 accusativi
1096 1457 1158 1512 ioco
1177 1455 1277 1529 geniti-

222 1574 284 1607 vum
303 1573 365 1608 curn
384 1553 582 1626 praepositione
606 1552 751 1606 coniunxit.
787 1550 896 1617 Ξ,445,
921 1549 968 1603 ubi
986 1549 1086 1621 legitur
1109 1541 1171 1616 παρ’
1188 1542 1276 1610 ὄχθας

221 1642 391 1700 Σατνιόεντος
408 1641 490 1710 (adde
507 1661 533 1707 y,
550 1640 609 1695 ¹87.
626 1643 653 1706 d,
672 1639 734 1696 487.
751 1638 772 1706 ζ,
791 1639 836 1695 34.
855 1639 879 1705 λ,
896 1637 959 1694 699.
978 1656 1002 1702 o,
1018 1635 1080 1692 533.
1100 1633 1201 1701 aeddi.
1218 1631 1274 1685 Od.

223 1753 241 1792 s,
263 1727 343 1796 132),
372 1729 477 1800 scripsit
499 1725 696 1798 nep'dydqe,
713 1747 786 1795 nou,
815 1727 888 1800 quod
908 1723 1095 1797 iieynius(V1
1121 1743 1148 1794 p.
1165 1719 1231 1790 656)
1250 1729 1277 1774 et

222 1815 346 1889 Spitzoer
364 1817 521 1884 voluerunt,
548 1814 644 1883 ὄχθαις
670 1825 717 1870 aut
741 1812 842 1886 ἔχθῃςς
869 1813 994 1880 minime,
1024 1812 1097 1884 quod
1125 1811 1154 1864 iu
1179 1807 1277 1881 plurali

131 1895 134 1906 ’
221 1904 319 1973 haesit,
338 1903 427 1958 iocum
447 1905 575 1970 correxit,
602 1903 648 1958 sed
667 1904 814 1977 genitivum
832 1923 848 1956 e
866 1903 941 1957 tibris
959 1902 1086 1968 retinuit,
1112 1917 1192 1972 quem
1211 1897 1276 1951 Ari·

222 1991 343 2047 starehus
375 2002 448 2045 reete
475 1992 580 2046 sustulit
594 1991 643 2062 15).
685 1997 724 2059 P,
752 1992 803 2049 149
826 1992 972 2064 Didymus:
1000 1981 1055 2043 Ant
1077 1991 1125 2041 τοῦ
1148 1994 1174 2050 ν’,
1200 1981 1276 2050 μεθ’

223 2075 362 2145 dusios,
381 2075 453 2150 nupti
472 2081 501 2132 di
519 2080 659 2150 Ζηνοδότῳ
678 2077 740 2143 μεθ’
757 2076 894 2142 ὅμίίου·
919 2084 963 2132 ναί
987 2077 1061 2147 λόγον
1085 2078 1137 2143 ἔχει
1154 2073 1213 2128 ἄντί
1228 2075 1280 2126 τοῦ

222 2171 267 2228 itu
287 2164 386 2231 ὅμίίου.
422 2168 579 2222 Zenodotus
597 2168 684 2226 dedit.
709 2167 782 2241 quod
803 2167 831 2220 iu
852 2167 928 2221 libris
946 2187 1001 2220 non
1020 2166 1147 2219 omnibus
1163 2162 1277 2226 inveni13

225 2256 394 2312 Aristarchus
411 2245 472 2318 μεθ’
488 2248 578 2320 ὅμιλον
595 2256 709 2311 restituit
729 2257 933 2328 restitutumque
951 2267 1023 2308 recte
1042 2255 1169 2323 exposuit,
1188 2245 1277 2314 ’ὅμιλον

222 2347 406 2400 Troianorum
424 2357 540 2400 catervas
555 2345 715 2416 intelligens.
741 2342 782 2397 Cf.
792 2344 916 2416 Spitzuer
926 2343 973 2408 1θ).
1001 2342 1154 2398 Genitirum
1168 2338 1277 2408 παντός,

223 2452 304 2505 quem
324 2433 479 2487 Zenodotus
497 2453 525 2500 rr,
544 2433 597 2488 515
616 2434 775 2505 reliquerat,
803 2431 918 2487 correxit
931 2429 1113 2496 Aristarchus,
1139 2430 1185 2502 qui
1208 2450 1275 2482 παν-

223 2516 279 2573 τίο’
297 2520 417 2592 reposuit
432 2521 482 2590 19).

278 2607 413 2662 Dotivum
439 2628 490 2680 pro
516 2609 633 2680 genitivo
658 2609 764 2664 duobus
785 2609 852 2664 iocis
878 2608 971 2662 habuit
988 2605 1122 2661 Zenodoti
1146 2603 1273 2658 recensio.

224 2700 257 2760 B,
278 2693 331 2750 616
350 2690 426 2748 ’ὅσσον
444 2692 482 2757 io'
500 2689 613 2767 ‘Ypprtryy
633 2717 647 2750 e
664 2696 740 2750 libris
758 2697 839 2764 dedit,
858 2709 889 2750 ut
903 2692 1017 2767 Ὑρμίνῃ
1034 2695 1068 2749 ab
1086 2697 1129 2748 tut
1146 2693 1276 2766 pendeat;

224 2795 251 2837 nt
268 2777 344 2836 ἕσσον
361 2779 399 2844 ίφ’
417 2780 585 2854 iungendum
605 2804 660 2838 esse
677 2784 762 2856 quivis
780 2784 850 2838 videt
863 2784 912 2854 20).
948 2783 978 2852 Ξ,
997 2783 1049 2840 249
1069 2782 1097 2835 in
1115 2799 1203 2836 versut

279 2931 326 2998 14)
346 2926 383 2982 Γ’
400 2930 443 2986 hic
462 2932 611 3003 genuinum
631 2955 686 2989 non
706 2953 777 3003 esse,
795 2936 930 3008 digamma
948 2955 970 2988 ν.
991 2936 1089 2986 irrisum
1107 2933 1230 2986 ostendit.

279 3003 326 3069 15)
345 3002 387 3055 De
406 3005 607 3058 construetione
626 3007 734 3079 genitivi
752 3028 815 3063 cum
835 3005 907 3077 nepti
925 3008 958 3062 oi.
972 3005 1099 3060 Schaeier
1117 3005 1150 3058 ad
1163 3004 1278 3078 Dionys.

225 3073 258 3127 de
277 3091 395 3146 compos.
414 3077 487 3128 verb.
506 3096 534 3148 p.
555 3076 616 3133 119.

280 3143 327 3212 16)
348 3145 490 3201 Barnesius
517 3161 612 3220 aperto
639 3169 731 3206 errore
750 3149 921 3202 Zenodotum
944 3143 1011 3211 presi
1036 3149 1121 3209 μῶλον
1142 3146 1277 3216 scripsisse

225 3217 314 3272 refert.
359 3217 479 3290 Heynius
497 3219 559 3289 (Vii
580 3241 604 3292 p.
624 3221 691 3290 314)
710 3222 819 3292 Didymi
844 3221 930 3274 verbis
955 3219 1040 3273 addin
1065 3218 1279 3286 „Scilicet‘aite-

226 3309 285 3342 rurn
305 3301 343 3342 est
361 3291 389 3342 in
406 3309 514 3361 pugna,
531 3291 645 3346 alterurn
664 3311 678 3344 e
695 3295 815 3363 pugna.''
856 3290 909 3345 Cui
926 3290 1051 3362 Spitsner
1067 3290 1194 3362 opponit:
1222 3292 1278 3344 Ve-

226 3381 285 3414 rum
303 3361 473 3416 Zenodotum
493 3363 601 3418 voculae
623 3359 690 3426 αετιί
709 3383 770 3418 curn
789 3364 905 3434 genitivo
927 3364 1034 3417 iunctae
1052 3373 1209 3432 potestatem
1227 3380 1279 3416 no-

146 3426 161 3442 '
225 3452 283 3486 vam
303 3444 382 3504 atque
401 3433 546 3488 inauditam
567 3436 726 3491 concessisse
745 3438 782 3487 vir
801 3435 852 3488 erit
869 3434 1004 3489 credibile.
1040 3433 1133 3514 itaque
1151 3433 1279 3499 Glaucus,

226 3505 271 3575 qui
291 3503 434 3585 illectorem
454 3517 480 3558 et
496 3506 629 3590 'i'roianos
652 3505 772 3578 ignaviae
794 3518 915 3574 accusat,
941 3506 1073 3560 Zenodoti
1092 3505 1125 3558 de
1140 3506 1279 3588 sententia,

225 3574 1280 3720 titur22‘202:t.:.”t.‘:.3.‘.¹1.i:'t‘s‘22tt522‘”t.t·‘s.ft⁰:“t't.“i

225 3737 249 3770 υ.
269 3715 304 3770 47
323 3717 444 3785 reperio,
473 3718 519 3772 ubi
539 3719 571 3772 de
590 3732 664 3774 motu
683 3721 801 3794 ponitur.
842 3716 920 3776 Msmi
939 3739 1001 3774 eum
1020 3719 1136 3792 genitivo
1155 3729 1192 3773 est
1210 3737 1278 3772 curn.

227 3787 268 3842 Cf.
289 3808 311 3852 ν,
333 3785 394 3842 700.
431 3788 486 3843 od.
505 3812 529 3857 κ,
546 3789 608 3847 300.

281 3859 325 3924 19)
346 3857 437 3912 schot.
466 3862 487 3914 Α
512 3873 584 3916 recte
615 3861 766 3916 emendarit
791 3860 914 3914 Lebrsius
938 3881 964 3930 p.
987 3861 1048 3916 140.
1091 3859 1121 3912 ln
1139 3857 1232 3913 Schoi.
1257 3860 1279 3912 L

227 3931 386 4002 legendum:
405 3927 575 4003 Ἀρίσταρχος
593 3930 624 3985 τό
637 3937 732 4002 πλῆρες
750 3930 910 3995 naevios,
928 3930 1077 4004 Ζηνόδοτος
1089 3935 1119 3984 di
1140 3931 1251 3982 nueeo'
1258 3951 1277 3988 ς.

227 4003 323 4073 lieynii
344 4001 497 4059 coniectura
518 4006 581 4071 (vlt
600 4025 625 4077 p.
645 4005 727 4072 230),
756 4005 931 4060 Zenodotum
953 3999 1059 4056 retineo'
1082 4002 1200 4070 dedisse,
1232 4003 1280 4056 ad·

229 4074 296 4126 mitti
316 4074 416 4196 nerpuit.
452 4075 576 4147 Spitaner
596 4077 651 4128 sine
672 4078 737 4129 iusta
757 4097 834 4130 causa
852 4094 952 4145 auceps
970 4074 1070 4130 haeret·

283 4145 329 4208 20)
349 4146 358 4196 Ι
376 4165 390 4198 e
409 4161 520 4202 accentu
541 4147 688 4202 omittendo
714 4148 749 4201 ei.
770 4159 876 4218 praeter
895 4147 1030 4217 Largium
1050 4143 1099 4214 (ill
1120 4165 1146 4213 p·
1169 4145 1201 4199 14
1219 4148 1281 4216 sep),

231 4215 277 4286 qui
295 4215 480 4272 Zenodoteum
502 4239 556 4272 non
576 4218 709 4286 defendit,
729 4219 866 4274 Lehrsium
886 4230 985 4290 quaest.
1004 4239 1047 4290 ep.
1066 4237 1092 4288 p.
1112 4217 1146 4272 ta
1165 4232 1204 4287 tq.
