<?xml version="1.0" encoding="UTF-8"?>
<!DOCTYPE html PUBLIC "-//W3C//DTD XHTML 1.0 Transitional//EN"
    "http://www.w3.org/TR/xhtml1/DTD/xhtml1-transitional.dtd">
<html xmlns="http://www.w3.org/1999/xhtml" xml:lang="en" lang="en">
 <head>
  <title>
</title>
<meta http-equiv="Content-Type" content="text/html;charset=utf-8" />
  <meta name='ocr-system' content='tesseract 3.04.00' />
  <meta name='ocr-capabilities' content='ocr_page ocr_carea ocr_par ocr_line ocrx_word'/>
</head>
<body>
  <div class='ocr_page' id='page_1' title='image "./dezenodotistudi00dngoog_0121.png"; bbox 0 0 2886 4890; ppageno 0'>
   <div class='ocr_carea' id='block_1_1' title="bbox 752 423 824 498">
    <p class='ocr_par' dir='ltr' id='par_1_1' title="bbox 752 423 824 498">
     <span class='ocr_line' id='line_1_1' title="bbox 752 423 824 498; baseline -0.028 0"><span class='ocrx_word' id='word_1_1' title='bbox 752 423 824 498; x_wconf 83' lang='lat'>104</span> 
     </span>
    </p>
   </div>
   <div class='ocr_carea' id='block_1_2' title="bbox 208 604 1286 1390">
    <p class='ocr_par' dir='ltr' id='par_1_2' title="bbox 234 604 1286 870">
     <span class='ocr_line' id='line_1_2' title="bbox 437 604 1047 690; baseline -0.011 -19"><span class='ocrx_word' id='word_1_2' title='bbox 437 614 522 690; x_wconf 77' lang='grc' dir='ltr'><strong><em>Χάρρν</em></strong></span> <span class='ocrx_word' id='word_1_3' title='bbox 541 618 577 669; x_wconf 90' lang='grc' dir='ltr'>1νί</span> <span class='ocrx_word' id='word_1_4' title='bbox 595 612 714 686; x_wconf 78' lang='grc' dir='ltr'><strong><em>δρυύεντε</em></strong></span> <span class='ocrx_word' id='word_1_5' title='bbox 725 604 815 682; x_wconf 79' lang='grc' dir='ltr'><strong><em>Ὕδης</em></strong></span> <span class='ocrx_word' id='word_1_6' title='bbox 832 615 858 664; x_wconf 80' lang='grc' dir='ltr'><strong><em>ἰν</em></strong></span> <span class='ocrx_word' id='word_1_7' title='bbox 876 617 945 664; x_wconf 77' lang='grc' dir='ltr'><strong><em>πίονι</em></strong></span> <span class='ocrx_word' id='word_1_8' title='bbox 963 611 1047 681; x_wconf 76' lang='grc' dir='ltr'><strong><em>δήμῳ.</em></strong></span> 
     </span>
     <span class='ocr_line' id='line_1_3' title="bbox 234 695 1286 776; baseline -0.008 -14"><span class='ocrx_word' id='word_1_9' title='bbox 234 707 415 776; x_wconf 78' lang='grc' dir='ltr'><strong><em>Ζεοοείοιυπι,</em></strong></span> <span class='ocrx_word' id='word_1_10' title='bbox 433 707 467 760; x_wconf 82' lang='grc' dir='ltr'><strong><em>δε</em></strong></span> <span class='ocrx_word' id='word_1_11' title='bbox 485 715 572 760; x_wconf 86' lang='lat' dir='ltr'>metro</span> <span class='ocrx_word' id='word_1_12' title='bbox 593 695 649 758; x_wconf 80' lang='lat' dir='ltr'>iton</span> <span class='ocrx_word' id='word_1_13' title='bbox 664 699 818 770; x_wconf 87' lang='lat' dir='ltr'>sollicitum,</span> <span class='ocrx_word' id='word_1_14' title='bbox 836 695 1036 770; x_wconf 77' lang='grc' dir='ltr'><strong><em>λοεπεοτπὛλη</em></strong></span> <span class='ocrx_word' id='word_1_15' title='bbox 1053 696 1207 754; x_wconf 87' lang='lat' dir='ltr'>coniectura</span> <span class='ocrx_word' id='word_1_16' title='bbox 1222 699 1286 754; x_wconf 85' lang='lat' dir='ltr'>uhi·</span> 
     </span>
     <span class='ocr_line' id='line_1_4' title="bbox 234 790 553 870; baseline -0.013 -18"><span class='ocrx_word' id='word_1_17' title='bbox 234 817 287 870; x_wconf 81' lang='lat' dir='ltr'>que</span> <span class='ocrx_word' id='word_1_18' title='bbox 304 795 438 850; x_wconf 85' lang='lat' dir='ltr'>sustulisse</span> <span class='ocrx_word' id='word_1_19' title='bbox 452 790 553 848; x_wconf 86' lang='lat' dir='ltr'>iudico.</span> 
     </span>
    </p>

    <p class='ocr_par' dir='ltr' id='par_1_3' title="bbox 234 873 1286 1129">
     <span class='ocr_line' id='line_1_5' title="bbox 289 873 1286 950; baseline -0.011 -12"><span class='ocrx_word' id='word_1_20' title='bbox 289 886 322 950; x_wconf 82' lang='grc' dir='ltr'>Θ,</span> <span class='ocrx_word' id='word_1_21' title='bbox 341 881 395 938; x_wconf 84' lang='grc'>304</span> <span class='ocrx_word' id='word_1_22' title='bbox 410 883 579 948; x_wconf 84' lang='lat' dir='ltr'>Zenodotus,</span> <span class='ocrx_word' id='word_1_23' title='bbox 599 876 787 949; x_wconf 80' lang='lat' dir='ltr'>Aristophanes</span> <span class='ocrx_word' id='word_1_24' title='bbox 805 887 832 930; x_wconf 89' lang='lat' dir='ltr'>et</span> <span class='ocrx_word' id='word_1_25' title='bbox 850 875 1018 932; x_wconf 88' lang='lat' dir='ltr'>Aristarchus</span> <span class='ocrx_word' id='word_1_26' title='bbox 1035 873 1222 946; x_wconf 82' lang='grc' dir='ltr'><strong><em>Αἰσύμνηθεν,</em></strong></span> <span class='ocrx_word' id='word_1_27' title='bbox 1239 874 1286 928; x_wconf 90' lang='lat' dir='ltr'>alii</span> 
     </span>
     <span class='ocr_line' id='line_1_6' title="bbox 234 963 1285 1040; baseline -0.006 -17"><span class='ocrx_word' id='word_1_28' title='bbox 234 966 400 1040; x_wconf 69' lang='grc' dir='ltr'><strong><em>Αἰσύμηθεν,</em></strong></span> <span class='ocrx_word' id='word_1_29' title='bbox 421 970 466 1024; x_wconf 85' lang='lat' dir='ltr'>alii</span> <span class='ocrx_word' id='word_1_30' title='bbox 484 969 631 1036; x_wconf 81' lang='grc' dir='ltr'><strong><em>αἰσύμηθεν</em></strong></span> <span class='ocrx_word' id='word_1_31' title='bbox 649 963 716 1035; x_wconf 81' lang='grc' dir='ltr'>(άπά</span> <span class='ocrx_word' id='word_1_32' title='bbox 733 966 871 1032; x_wconf 73' lang='grc' dir='ltr'><strong><em>βασιλικοῦ</em></strong></span> <span class='ocrx_word' id='word_1_33' title='bbox 892 969 1004 1034; x_wconf 70' lang='lat' dir='ltr'>risone).</span> <span class='ocrx_word' id='word_1_34' title='bbox 1044 963 1201 1036; x_wconf 80' lang='grc' dir='ltr'><strong><em>Αἰσύμηθεν</em></strong></span> <span class='ocrx_word' id='word_1_35' title='bbox 1225 964 1285 1018; x_wconf 88' lang='lat' dir='ltr'>lor·</span> 
     </span>
     <span class='ocr_line' id='line_1_7' title="bbox 235 1049 1157 1129; baseline -0.005 -17"><span class='ocrx_word' id='word_1_36' title='bbox 235 1069 302 1112; x_wconf 81' lang='lat' dir='ltr'>tasse</span> <span class='ocrx_word' id='word_1_37' title='bbox 321 1057 416 1121; x_wconf 86' lang='lat' dir='ltr'>iidem,</span> <span class='ocrx_word' id='word_1_38' title='bbox 435 1059 480 1129; x_wconf 89' lang='lat' dir='ltr'>qni</span> <span class='ocrx_word' id='word_1_39' title='bbox 498 1063 525 1121; x_wconf 75' lang='lat' dir='ltr'>a,</span> <span class='ocrx_word' id='word_1_40' title='bbox 545 1055 595 1111; x_wconf 86' lang='grc'>671</span> <span class='ocrx_word' id='word_1_41' title='bbox 616 1049 714 1125; x_wconf 81' lang='grc' dir='ltr'><strong><em>Νιρεύς</em></strong></span> <span class='ocrx_word' id='word_1_42' title='bbox 732 1050 891 1122; x_wconf 71' lang='grc' dir='ltr'><em>Αἰσύμηθεν</em></span> <span class='ocrx_word' id='word_1_43' title='bbox 908 1053 1032 1125; x_wconf 82' lang='lat' dir='ltr'>legerunt</span> <span class='ocrx_word' id='word_1_44' title='bbox 1047 1053 1098 1119; x_wconf 83' lang='lat'><strong>¹⁰).</strong></span> <span class='ocrx_word' id='word_1_45' title='bbox 1154 1061 1157 1066; x_wconf 89' lang='lat'>&#39;</span> 
     </span>
    </p>

    <p class='ocr_par' dir='ltr' id='par_1_4' title="bbox 208 1138 1172 1390">
     <span class='ocr_line' id='line_1_8' title="bbox 208 1138 1098 1210; baseline -0.006 -11"><span class='ocrx_word' id='word_1_46' title='bbox 208 1179 210 1186; x_wconf 33' lang='lat' dir='ltr'>x</span> <span class='ocrx_word' id='word_1_47' title='bbox 287 1144 342 1198; x_wconf 87' lang='lat' dir='ltr'>Od.</span> <span class='ocrx_word' id='word_1_48' title='bbox 362 1165 388 1210; x_wconf 84' lang='grc' dir='ltr'>α,</span> <span class='ocrx_word' id='word_1_49' title='bbox 407 1144 450 1201; x_wconf 84' lang='grc'>93.</span> <span class='ocrx_word' id='word_1_50' title='bbox 467 1144 520 1201; x_wconf 87' lang='grc'>285</span> <span class='ocrx_word' id='word_1_51' title='bbox 539 1143 706 1208; x_wconf 76' lang='lat' dir='ltr'>zenodotus,</span> <span class='ocrx_word' id='word_1_52' title='bbox 724 1151 791 1195; x_wconf 83' lang='lat' dir='ltr'>teste</span> <span class='ocrx_word' id='word_1_53' title='bbox 807 1138 896 1195; x_wconf 89' lang='lat' dir='ltr'>Schol.</span> <span class='ocrx_word' id='word_1_54' title='bbox 913 1142 970 1196; x_wconf 86' lang='lat' dir='ltr'>od.</span> <span class='ocrx_word' id='word_1_55' title='bbox 987 1163 1011 1208; x_wconf 80' lang='grc' dir='ltr'>χ,</span> <span class='ocrx_word' id='word_1_56' title='bbox 1030 1140 1098 1197; x_wconf 82' lang='lat'>313:</span> 
     </span>
     <span class='ocr_line' id='line_1_9' title="bbox 330 1225 1172 1301; baseline -0.004 -18"><span class='ocrx_word' id='word_1_57' title='bbox 330 1235 433 1294; x_wconf 70' lang='grc' dir='ltr'><strong><em>Πέμψον</em></strong></span> <span class='ocrx_word' id='word_1_58' title='bbox 451 1229 477 1285; x_wconf 88' lang='grc' dir='ltr'>δ’</span> <span class='ocrx_word' id='word_1_59' title='bbox 495 1235 520 1290; x_wconf 78' lang='grc' dir='ltr'>λς</span> <span class='ocrx_word' id='word_1_60' title='bbox 538 1227 684 1301; x_wconf 90' lang='grc' dir='ltr'><strong><em>Κρήτην</em></strong></span> <span class='ocrx_word' id='word_1_61' title='bbox 700 1249 729 1282; x_wconf 90' lang='grc' dir='ltr'><strong><em>τε</em></strong></span> <span class='ocrx_word' id='word_1_62' title='bbox 747 1233 792 1281; x_wconf 82' lang='grc' dir='ltr'><strong><em>καί</em></strong></span> <span class='ocrx_word' id='word_1_63' title='bbox 809 1232 834 1287; x_wconf 84' lang='grc' dir='ltr'>λς</span> <span class='ocrx_word' id='word_1_64' title='bbox 853 1225 944 1280; x_wconf 84' lang='grc' dir='ltr'><strong><em>Πύλον</em></strong></span> <span class='ocrx_word' id='word_1_65' title='bbox 961 1226 1122 1297; x_wconf 76' lang='grc' dir='ltr'><strong><em>ἠμαθόεντα.</em></strong></span> <span class='ocrx_word' id='word_1_66' title='bbox 1137 1259 1172 1269; x_wconf 99' lang='grc'>-</span> 
     </span>
     <span class='ocr_line' id='line_1_10' title="bbox 329 1313 1123 1390; baseline -0.003 -18"><span class='ocrx_word' id='word_1_67' title='bbox 329 1323 430 1372; x_wconf 78' lang='grc' dir='ltr'><strong><em>Κεῖθεν</em></strong></span> <span class='ocrx_word' id='word_1_68' title='bbox 447 1317 476 1372; x_wconf 79' lang='lat' dir='ltr'>dl</span> <span class='ocrx_word' id='word_1_69' title='bbox 494 1319 678 1390; x_wconf 88' lang='grc' dir='ltr'><strong><em>Κρήτηνδε</em></strong></span> <span class='ocrx_word' id='word_1_70' title='bbox 695 1314 771 1388; x_wconf 76' lang='grc' dir='ltr'>νεαρι</span> <span class='ocrx_word' id='word_1_71' title='bbox 787 1313 964 1386; x_wconf 75' lang='grc' dir='ltr'>Ἰδομενῆα</span> <span class='ocrx_word' id='word_1_72' title='bbox 982 1313 1123 1370; x_wconf 70' lang='grc' dir='ltr'><strong><em>ἄναντα.</em></strong></span> 
     </span>
    </p>
   </div>
   <div class='ocr_carea' id='block_1_3' title="bbox 18 1399 1285 1478">
    <p class='ocr_par' dir='ltr' id='par_1_5' title="bbox 18 1399 1285 1478">
     <span class='ocr_line' id='line_1_11' title="bbox 18 1399 1285 1478; baseline -0.002 -17"><span class='ocrx_word' id='word_1_73' title='bbox 18 1399 20 1407; x_wconf 45' lang='grc'><strong>“</strong></span> <span class='ocrx_word' id='word_1_74' title='bbox 106 1407 128 1420; x_wconf 71' lang='grc'><strong>”</strong></span> <span class='ocrx_word' id='word_1_75' title='bbox 235 1403 323 1461; x_wconf 83' lang='lat' dir='ltr'>Ceteri</span> <span class='ocrx_word' id='word_1_76' title='bbox 342 1405 469 1478; x_wconf 85' lang='grc' dir='ltr'><strong><em>Σπάρτην</em></strong></span> <span class='ocrx_word' id='word_1_77' title='bbox 495 1417 521 1462; x_wconf 86' lang='lat' dir='ltr'>et</span> <span class='ocrx_word' id='word_1_78' title='bbox 540 1405 698 1476; x_wconf 74' lang='grc' dir='ltr'><strong><em>Σπάρτηνδε</em></strong></span> <span class='ocrx_word' id='word_1_79' title='bbox 724 1400 796 1474; x_wconf 83' lang='grc' dir='ltr'><strong><em>παρά</em></strong></span> <span class='ocrx_word' id='word_1_80' title='bbox 820 1402 917 1462; x_wconf 58' lang='lat' dir='ltr'>§uadis</span> <span class='ocrx_word' id='word_1_81' title='bbox 935 1405 1076 1460; x_wconf 77' lang='grc' dir='ltr'><strong><em>Μενίλαον.</em></strong></span> <span class='ocrx_word' id='word_1_82' title='bbox 1118 1402 1209 1461; x_wconf 83' lang='lat' dir='ltr'>Schol.</span> <span class='ocrx_word' id='word_1_83' title='bbox 1228 1403 1285 1459; x_wconf 90' lang='lat' dir='ltr'>Od.</span> 
     </span>
    </p>
   </div>
   <div class='ocr_carea' id='block_1_4' title="bbox 149 1481 1359 3340">
    <p class='ocr_par' dir='ltr' id='par_1_6' title="bbox 233 1481 1298 1918">
     <span class='ocr_line' id='line_1_12' title="bbox 233 1481 1285 1564; baseline -0.004 -14"><span class='ocrx_word' id='word_1_84' title='bbox 233 1515 263 1560; x_wconf 79' lang='lat' dir='ltr'>r,</span> <span class='ocrx_word' id='word_1_85' title='bbox 283 1493 349 1552; x_wconf 75' lang='lat'>3132</span> <span class='ocrx_word' id='word_1_86' title='bbox 381 1481 466 1553; x_wconf 70' lang='grc' dir='ltr'><strong><em>Οὗτος</em></strong></span> <span class='ocrx_word' id='word_1_87' title='bbox 485 1490 596 1554; x_wconf 65' lang='lat' dir='ltr'>ricinos</span> <span class='ocrx_word' id='word_1_88' title='bbox 613 1491 726 1547; x_wconf 80' lang='grc' dir='ltr'><strong><em>άνίπεισε</em></strong></span> <span class='ocrx_word' id='word_1_89' title='bbox 742 1489 889 1562; x_wconf 80' lang='grc' dir='ltr'><strong><em>Ζηνὸδοτον</em></strong></span> <span class='ocrx_word' id='word_1_90' title='bbox 913 1495 939 1544; x_wconf 90' lang='grc' dir='ltr'>1ν</span> <span class='ocrx_word' id='word_1_91' title='bbox 962 1504 1018 1551; x_wconf 78' lang='grc' dir='ltr'><strong><em>τοῖς</em></strong></span> <span class='ocrx_word' id='word_1_92' title='bbox 1042 1495 1102 1563; x_wconf 78' lang='grc' dir='ltr'><strong><em>περὶ</em></strong></span> <span class='ocrx_word' id='word_1_93' title='bbox 1118 1495 1167 1562; x_wconf 82' lang='grc' dir='ltr'>τῆς</span> <span class='ocrx_word' id='word_1_94' title='bbox 1181 1491 1285 1564; x_wconf 77' lang='grc' dir='ltr'><strong><em>α’ποδη-</em></strong></span> 
     </span>
     <span class='ocr_line' id='line_1_13' title="bbox 235 1577 1298 1654; baseline 0.001 -20"><span class='ocrx_word' id='word_1_95' title='bbox 235 1590 297 1644; x_wconf 84' lang='grc' dir='ltr'><strong><em>μίας</em></strong></span> <span class='ocrx_word' id='word_1_96' title='bbox 317 1580 470 1653; x_wconf 72' lang='grc' dir='ltr'><strong><em>Τηλεμάχου</em></strong></span> <span class='ocrx_word' id='word_1_97' title='bbox 488 1583 577 1636; x_wconf 77' lang='grc' dir='ltr'><strong><em>διόλου</em></strong></span> <span class='ocrx_word' id='word_1_98' title='bbox 595 1579 644 1654; x_wconf 82' lang='grc' dir='ltr'><strong><em>τήν</em></strong></span> <span class='ocrx_word' id='word_1_99' title='bbox 660 1578 774 1653; x_wconf 77' lang='grc' dir='ltr'><strong><em>Κρήτην</em></strong></span> <span class='ocrx_word' id='word_1_100' title='bbox 797 1583 883 1644; x_wconf 68' lang='grc' dir='ltr'><strong><em>ἔναντι</em></strong></span> <span class='ocrx_word' id='word_1_101' title='bbox 906 1583 955 1650; x_wconf 83' lang='grc' dir='ltr'>τῆς</span> <span class='ocrx_word' id='word_1_102' title='bbox 972 1577 1100 1650; x_wconf 78' lang='grc' dir='ltr'><strong><em>Σπάρτης</em></strong></span> <span class='ocrx_word' id='word_1_103' title='bbox 1118 1594 1214 1634; x_wconf 80' lang='grc' dir='ltr'><strong><em>ποιεῖν·</em></strong></span> <span class='ocrx_word' id='word_1_104' title='bbox 1233 1587 1298 1642; x_wconf 43' lang='grc' dir='ltr'><strong><em>αἰεὶ</em></strong></span> 
     </span>
     <span class='ocr_line' id='line_1_14' title="bbox 234 1667 1286 1743; baseline 0.001 -22"><span class='ocrx_word' id='word_1_105' title='bbox 234 1691 280 1721; x_wconf 81' lang='grc' dir='ltr'><strong><em>ταν</em></strong></span> <span class='ocrx_word' id='word_1_106' title='bbox 295 1667 346 1743; x_wconf 73' lang='grc' dir='ltr'><strong><em>γάρ</em></strong></span> <span class='ocrx_word' id='word_1_107' title='bbox 365 1675 392 1724; x_wconf 80' lang='grc' dir='ltr'>λα</span> <span class='ocrx_word' id='word_1_108' title='bbox 408 1667 509 1724; x_wconf 75' lang='grc' dir='ltr'><strong><em>τούτων</em></strong></span> <span class='ocrx_word' id='word_1_109' title='bbox 526 1677 579 1724; x_wconf 82' lang='grc' dir='ltr'><strong><em>τῶν</em></strong></span> <span class='ocrx_word' id='word_1_110' title='bbox 596 1668 678 1737; x_wconf 76' lang='grc' dir='ltr'><strong><em>λύγων</em></strong></span> <span class='ocrx_word' id='word_1_111' title='bbox 696 1668 764 1724; x_wconf 74' lang='lat' dir='ltr'>nord</span> <span class='ocrx_word' id='word_1_112' title='bbox 789 1667 821 1723; x_wconf 83' lang='grc' dir='ltr'>τύ</span> <span class='ocrx_word' id='word_1_113' title='bbox 836 1668 997 1732; x_wconf 83' lang='grc' dir='ltr'><strong><em>σεωπάμενον</em></strong></span> <span class='ocrx_word' id='word_1_114' title='bbox 1015 1667 1150 1738; x_wconf 79' lang='grc' dir='ltr'><strong><em>εἰνηνοίναε</em></strong></span> <span class='ocrx_word' id='word_1_115' title='bbox 1166 1667 1213 1722; x_wconf 80' lang='grc' dir='ltr'><strong><em>τάν</em></strong></span> <span class='ocrx_word' id='word_1_116' title='bbox 1230 1675 1286 1724; x_wconf 79' lang='grc' dir='ltr'>Νέ-</span> 
     </span>
     <span class='ocr_line' id='line_1_15' title="bbox 234 1753 1286 1830; baseline 0.002 -21"><span class='ocrx_word' id='word_1_117' title='bbox 234 1777 317 1830; x_wconf 86' lang='grc' dir='ltr'><strong><em>στορα</em></strong></span> <span class='ocrx_word' id='word_1_118' title='bbox 334 1757 406 1830; x_wconf 83' lang='grc' dir='ltr'><strong><em>παρά</em></strong></span> <span class='ocrx_word' id='word_1_119' title='bbox 424 1765 472 1814; x_wconf 82' lang='grc' dir='ltr'>τοῦ</span> <span class='ocrx_word' id='word_1_120' title='bbox 486 1760 646 1830; x_wconf 82' lang='grc' dir='ltr'><strong><em>Τηλεμάχου,</em></strong></span> <span class='ocrx_word' id='word_1_121' title='bbox 664 1753 707 1811; x_wconf 72' lang='lat' dir='ltr'>irs</span> <span class='ocrx_word' id='word_1_122' title='bbox 725 1763 769 1810; x_wconf 87' lang='grc' dir='ltr'><strong><em>ναί</em></strong></span> <span class='ocrx_word' id='word_1_123' title='bbox 787 1755 914 1824; x_wconf 71' lang='grc' dir='ltr'><strong><em>εἰλλαχὸσε</em></strong></span> <span class='ocrx_word' id='word_1_124' title='bbox 931 1760 1055 1828; x_wconf 76' lang='grc' dir='ltr'><strong><em>περὶτοῦ</em></strong></span> <span class='ocrx_word' id='word_1_125' title='bbox 1072 1753 1172 1828; x_wconf 77' lang='grc' dir='ltr'><strong><em>πατρύς</em></strong></span> <span class='ocrx_word' id='word_1_126' title='bbox 1190 1759 1286 1811; x_wconf 75' lang='grc' dir='ltr'><strong><em>πευσό-</em></strong></span> 
     </span>
     <span class='ocr_line' id='line_1_16' title="bbox 233 1843 1184 1918; baseline -0.002 -19"><span class='ocrx_word' id='word_1_127' title='bbox 233 1867 308 1909; x_wconf 84' lang='grc' dir='ltr'><strong><em>μενος</em></strong></span> <span class='ocrx_word' id='word_1_128' title='bbox 325 1844 517 1918; x_wconf 73' lang='grc' dir='ltr'><strong><em>παρεσκεύαστο</em></strong></span> <span class='ocrx_word' id='word_1_129' title='bbox 537 1849 609 1899; x_wconf 79' lang='grc' dir='ltr'><strong><em>πλετν</em></strong></span> <span class='ocrx_word' id='word_1_130' title='bbox 620 1848 671 1914; x_wconf 83' lang='lat'>¹¹).</span> <span class='ocrx_word' id='word_1_131' title='bbox 708 1847 744 1900; x_wconf 87' lang='lat' dir='ltr'>At</span> <span class='ocrx_word' id='word_1_132' title='bbox 762 1847 822 1917; x_wconf 87' lang='lat' dir='ltr'>quis</span> <span class='ocrx_word' id='word_1_133' title='bbox 841 1845 932 1900; x_wconf 87' lang='lat' dir='ltr'>credat</span> <span class='ocrx_word' id='word_1_134' title='bbox 950 1863 1054 1898; x_wconf 83' lang='lat' dir='ltr'>versum</span> <span class='ocrx_word' id='word_1_135' title='bbox 1073 1867 1100 1912; x_wconf 82' lang='lat' dir='ltr'>r,</span> <span class='ocrx_word' id='word_1_136' title='bbox 1117 1843 1184 1901; x_wconf 80' lang='lat'><strong>313:</strong></span> 
     </span>
    </p>

    <p class='ocr_par' dir='ltr' id='par_1_7' title="bbox 149 1928 1359 2446">
     <span class='ocr_line' id='line_1_17' title="bbox 359 1928 1139 2005; baseline 0 -20"><span class='ocrx_word' id='word_1_137' title='bbox 359 1936 418 1986; x_wconf 77' lang='grc' dir='ltr'>Καὶ</span> <span class='ocrx_word' id='word_1_138' title='bbox 435 1929 482 2001; x_wconf 76' lang='grc' dir='ltr'>σά,</span> <span class='ocrx_word' id='word_1_139' title='bbox 500 1935 591 2000; x_wconf 50' lang='grc' dir='ltr'><strong><em>«φίλος,</em></strong></span> <span class='ocrx_word' id='word_1_140' title='bbox 609 1928 646 2005; x_wconf 83' lang='grc' dir='ltr'>μή</span> <span class='ocrx_word' id='word_1_141' title='bbox 666 1931 741 2004; x_wconf 81' lang='grc' dir='ltr'><strong><em>δηθά</em></strong></span> <span class='ocrx_word' id='word_1_142' title='bbox 761 1930 849 1994; x_wconf 77' lang='grc' dir='ltr'><strong><em>δόμων</em></strong></span> <span class='ocrx_word' id='word_1_143' title='bbox 865 1931 916 1986; x_wconf 74' lang='lat' dir='ltr'>dno</span> <span class='ocrx_word' id='word_1_144' title='bbox 934 1931 993 2004; x_wconf 72' lang='grc' dir='ltr'><strong><em>τῆλ’</em></strong></span> <span class='ocrx_word' id='word_1_145' title='bbox 1009 1931 1139 2004; x_wconf 82' lang='grc' dir='ltr'><strong><em>άλάλησο,</em></strong></span> 
     </span>
     <span class='ocr_line' id='line_1_18' title="bbox 149 2009 1284 2094; baseline 0.004 -22"><span class='ocrx_word' id='word_1_146' title='bbox 149 2036 153 2052; x_wconf 83' lang='lat'><strong><em>¹</em></strong></span> <span class='ocrx_word' id='word_1_147' title='bbox 235 2009 405 2074; x_wconf 81' lang='lat' dir='ltr'>Zenodotum</span> <span class='ocrx_word' id='word_1_148' title='bbox 418 2020 569 2093; x_wconf 80' lang='lat' dir='ltr'>impulisse,</span> <span class='ocrx_word' id='word_1_149' title='bbox 592 2033 622 2078; x_wconf 93' lang='lat' dir='ltr'>ut</span> <span class='ocrx_word' id='word_1_150' title='bbox 640 2020 735 2076; x_wconf 79' lang='lat' dir='ltr'>Cretae</span> <span class='ocrx_word' id='word_1_151' title='bbox 759 2021 924 2076; x_wconf 81' lang='lat' dir='ltr'>mentionem</span> <span class='ocrx_word' id='word_1_152' title='bbox 943 2020 1074 2074; x_wconf 80' lang='lat' dir='ltr'>inferret?</span> <span class='ocrx_word' id='word_1_153' title='bbox 1107 2021 1284 2094; x_wconf 75' lang='lat' dir='ltr'><strong>Quamquam</strong></span> 
     </span>
     <span class='ocr_line' id='line_1_19' title="bbox 234 2100 1286 2181; baseline 0.004 -21"><span class='ocrx_word' id='word_1_154' title='bbox 234 2107 298 2161; x_wconf 89' lang='lat' dir='ltr'>olim</span> <span class='ocrx_word' id='word_1_155' title='bbox 309 2100 462 2176; x_wconf 44' lang='lat' dir='ltr'>‚Nitaschius</span> <span class='ocrx_word' id='word_1_156' title='bbox 480 2111 502 2172; x_wconf 82' lang='grc'>(1</span> <span class='ocrx_word' id='word_1_157' title='bbox 521 2130 547 2181; x_wconf 87' lang='lat' dir='ltr'>p.</span> <span class='ocrx_word' id='word_1_158' title='bbox 562 2109 626 2176; x_wconf 82' lang='grc'>205)</span> <span class='ocrx_word' id='word_1_159' title='bbox 646 2129 703 2165; x_wconf 89' lang='lat' dir='ltr'>non</span> <span class='ocrx_word' id='word_1_160' title='bbox 723 2111 854 2164; x_wconf 71' lang='lat' dir='ltr'>dubitasse</span> <span class='ocrx_word' id='word_1_161' title='bbox 873 2105 983 2163; x_wconf 78' lang='lat' dir='ltr'>videtur.</span> <span class='ocrx_word' id='word_1_162' title='bbox 1020 2110 1182 2176; x_wconf 79' lang='lat' dir='ltr'>zenodotus,</span> <span class='ocrx_word' id='word_1_163' title='bbox 1201 2131 1286 2166; x_wconf 85' lang='lat' dir='ltr'>nova-</span> 
     </span>
     <span class='ocr_line' id='line_1_20' title="bbox 233 2183 1285 2271; baseline 0.007 -24"><span class='ocrx_word' id='word_1_164' title='bbox 233 2213 294 2252; x_wconf 84' lang='lat' dir='ltr'>rum</span> <span class='ocrx_word' id='word_1_165' title='bbox 314 2215 405 2249; x_wconf 85' lang='lat' dir='ltr'>rerum</span> <span class='ocrx_word' id='word_1_166' title='bbox 424 2197 552 2268; x_wconf 86' lang='lat' dir='ltr'>cupidus,</span> <span class='ocrx_word' id='word_1_167' title='bbox 569 2199 730 2271; x_wconf 76' lang='lat' dir='ltr'>scripturam</span> <span class='ocrx_word' id='word_1_168' title='bbox 749 2196 942 2251; x_wconf 89' lang='lat' dir='ltr'>nonnullorum</span> <span class='ocrx_word' id='word_1_169' title='bbox 958 2183 1095 2256; x_wconf 84' lang='lat' dir='ltr'>librorum</span> <span class='ocrx_word' id='word_1_170' title='bbox 1119 2198 1166 2268; x_wconf 74' lang='lat' dir='ltr'>(de</span> <span class='ocrx_word' id='word_1_171' title='bbox 1177 2198 1285 2254; x_wconf 85' lang='lat' dir='ltr'>Cretica</span> 
     </span>
     <span class='ocr_line' id='line_1_21' title="bbox 233 2283 1359 2359; baseline 0.007 -23"><span class='ocrx_word' id='word_1_172' title='bbox 233 2283 349 2337; x_wconf 84' lang='lat' dir='ltr'>editione</span> <span class='ocrx_word' id='word_1_173' title='bbox 369 2285 483 2356; x_wconf 80' lang='lat' dir='ltr'>cogites)</span> <span class='ocrx_word' id='word_1_174' title='bbox 507 2286 621 2358; x_wconf 83' lang='lat' dir='ltr'>recepit,</span> <span class='ocrx_word' id='word_1_175' title='bbox 647 2303 728 2358; x_wconf 84' lang='lat' dir='ltr'>quam</span> <span class='ocrx_word' id='word_1_176' title='bbox 748 2298 869 2359; x_wconf 83' lang='lat' dir='ltr'>apertam</span> <span class='ocrx_word' id='word_1_177' title='bbox 893 2285 1129 2358; x_wconf 77' lang='lat' dir='ltr'>interpolationem</span> <span class='ocrx_word' id='word_1_178' title='bbox 1148 2287 1202 2342; x_wconf 89' lang='lat' dir='ltr'>iam</span> <span class='ocrx_word' id='word_1_179' title='bbox 1219 2290 1285 2343; x_wconf 85' lang='lat' dir='ltr'>Ari·</span> <span class='ocrx_word' id='word_1_180' title='bbox 1355 2313 1359 2320; x_wconf 93' lang='lat'>·</span> 
     </span>
     <span class='ocr_line' id='line_1_22' title="bbox 234 2369 1159 2446; baseline 0.006 -22"><span class='ocrx_word' id='word_1_181' title='bbox 234 2369 375 2443; x_wconf 81' lang='lat' dir='ltr'>stophanes</span> <span class='ocrx_word' id='word_1_182' title='bbox 394 2383 440 2425; x_wconf 86' lang='lat' dir='ltr'>aut</span> <span class='ocrx_word' id='word_1_183' title='bbox 458 2373 627 2427; x_wconf 73' lang='lat' dir='ltr'>Aristarchus</span> <span class='ocrx_word' id='word_1_184' title='bbox 642 2373 755 2427; x_wconf 76' lang='lat' dir='ltr'>sustulit.</span> <span class='ocrx_word' id='word_1_185' title='bbox 1026 2413 1028 2420; x_wconf 70' lang='lat'><em>,</em></span> <span class='ocrx_word' id='word_1_186' title='bbox 1156 2439 1159 2446; x_wconf 87' lang='lat'><em>.</em></span> 
     </span>
    </p>

    <p class='ocr_par' dir='ltr' id='par_1_8' title="bbox 231 2457 1303 2866">
     <span class='ocr_line' id='line_1_23' title="bbox 285 2457 1284 2540; baseline 0.009 -29"><span class='ocrx_word' id='word_1_187' title='bbox 285 2457 339 2512; x_wconf 93' lang='lat' dir='ltr'>Od.</span> <span class='ocrx_word' id='word_1_188' title='bbox 357 2481 383 2526; x_wconf 78' lang='grc' dir='ltr'>χ,</span> <span class='ocrx_word' id='word_1_189' title='bbox 400 2459 454 2516; x_wconf 84' lang='grc'>307</span> <span class='ocrx_word' id='word_1_190' title='bbox 467 2460 624 2514; x_wconf 86' lang='lat' dir='ltr'>Zenodotus</span> <span class='ocrx_word' id='word_1_191' title='bbox 642 2459 679 2524; x_wconf 75' lang='grc' dir='ltr'><strong><em>εἰη</em></strong></span> <span class='ocrx_word' id='word_1_192' title='bbox 697 2457 749 2513; x_wconf 81' lang='lat' dir='ltr'>dni</span> <span class='ocrx_word' id='word_1_193' title='bbox 761 2459 886 2533; x_wconf 80' lang='grc' dir='ltr'><strong><em>Φωκήων,</em></strong></span> <span class='ocrx_word' id='word_1_194' title='bbox 898 2461 1067 2517; x_wconf 81' lang='lat' dir='ltr'>Aristarchus</span> <span class='ocrx_word' id='word_1_195' title='bbox 1080 2461 1118 2528; x_wconf 79' lang='grc' dir='ltr'><strong><em>εἰψ</em></strong></span> <span class='ocrx_word' id='word_1_196' title='bbox 1129 2461 1178 2537; x_wconf 72' lang='grc' dir='ltr'><strong><em>εἶπ’</em></strong></span> <span class='ocrx_word' id='word_1_197' title='bbox 1192 2463 1284 2540; x_wconf 80' lang='grc' dir='ltr'><strong><em>Ἀθη-</em></strong></span> 
     </span>
     <span class='ocr_line' id='line_1_24' title="bbox 232 2543 1303 2626; baseline 0.011 -28"><span class='ocrx_word' id='word_1_198' title='bbox 232 2543 308 2600; x_wconf 85' lang='grc' dir='ltr'><strong><em>νύων.</em></strong></span> <span class='ocrx_word' id='word_1_199' title='bbox 351 2547 393 2602; x_wconf 87' lang='lat' dir='ltr'>De</span> <span class='ocrx_word' id='word_1_200' title='bbox 411 2547 543 2602; x_wconf 81' lang='lat' dir='ltr'>Zenodoti</span> <span class='ocrx_word' id='word_1_201' title='bbox 569 2549 723 2605; x_wconf 80' lang='lat' dir='ltr'>coniectura</span> <span class='ocrx_word' id='word_1_202' title='bbox 751 2550 1006 2620; x_wconf 83' lang='lat' dir='ltr'>cumNitzschio(1</span> <span class='ocrx_word' id='word_1_203' title='bbox 1029 2572 1056 2624; x_wconf 85' lang='lat' dir='ltr'>p.</span> <span class='ocrx_word' id='word_1_204' title='bbox 1073 2553 1138 2620; x_wconf 86' lang='grc'>204)</span> <span class='ocrx_word' id='word_1_205' title='bbox 1164 2549 1303 2626; x_wconf 72' lang='lat' dir='ltr'>cogitare</span> 
     </span>
     <span class='ocr_line' id='line_1_25' title="bbox 231 2634 1283 2714; baseline 0.009 -26"><span class='ocrx_word' id='word_1_206' title='bbox 231 2635 325 2690; x_wconf 87' lang='lat' dir='ltr'>nolim.</span> <span class='ocrx_word' id='word_1_207' title='bbox 362 2634 529 2706; x_wconf 80' lang='lat' dir='ltr'>scripturam</span> <span class='ocrx_word' id='word_1_208' title='bbox 548 2637 720 2710; x_wconf 86' lang='lat' dir='ltr'>quorundam</span> <span class='ocrx_word' id='word_1_209' title='bbox 738 2637 869 2692; x_wconf 87' lang='lat' dir='ltr'>librorum</span> <span class='ocrx_word' id='word_1_210' title='bbox 883 2650 989 2694; x_wconf 82' lang='lat' dir='ltr'>secutus</span> <span class='ocrx_word' id='word_1_211' title='bbox 1000 2659 1054 2693; x_wconf 84' lang='lat' dir='ltr'>esse</span> <span class='ocrx_word' id='word_1_212' title='bbox 1073 2641 1184 2710; x_wconf 83' lang='lat' dir='ltr'>videtur,</span> <span class='ocrx_word' id='word_1_213' title='bbox 1201 2663 1283 2714; x_wconf 85' lang='lat' dir='ltr'>quarn</span> 
     </span>
     <span class='ocr_line' id='line_1_26' title="bbox 231 2723 1283 2795; baseline 0.01 -20"><span class='ocrx_word' id='word_1_214' title='bbox 231 2723 377 2795; x_wconf 77' lang='lat' dir='ltr'>genuinam</span> <span class='ocrx_word' id='word_1_215' title='bbox 396 2742 451 2778; x_wconf 84' lang='lat' dir='ltr'>esse</span> <span class='ocrx_word' id='word_1_216' title='bbox 468 2724 520 2778; x_wconf 87' lang='lat' dir='ltr'>loci</span> <span class='ocrx_word' id='word_1_217' title='bbox 539 2725 655 2778; x_wconf 83' lang='lat' dir='ltr'>sormam</span> <span class='ocrx_word' id='word_1_218' title='bbox 674 2745 689 2779; x_wconf 94' lang='lat' dir='ltr'>a</span> <span class='ocrx_word' id='word_1_219' title='bbox 707 2725 842 2782; x_wconf 86' lang='lat' dir='ltr'>Pisistrato</span> <span class='ocrx_word' id='word_1_220' title='bbox 861 2727 1038 2782; x_wconf 84' lang='lat' dir='ltr'>oblitteratam</span> <span class='ocrx_word' id='word_1_221' title='bbox 1057 2749 1113 2784; x_wconf 88' lang='lat' dir='ltr'>non</span> <span class='ocrx_word' id='word_1_222' title='bbox 1130 2731 1192 2786; x_wconf 88' lang='lat' dir='ltr'>satis</span> <span class='ocrx_word' id='word_1_223' title='bbox 1208 2740 1283 2786; x_wconf 84' lang='lat' dir='ltr'>certo</span> 
     </span>
     <span class='ocr_line' id='line_1_27' title="bbox 232 2823 340 2866; baseline 0.009 -2"><span class='ocrx_word' id='word_1_224' title='bbox 232 2823 340 2866; x_wconf 81' lang='lat' dir='ltr'>statuas.</span> 
     </span>
    </p>

    <p class='ocr_par' dir='ltr' id='par_1_9' title="bbox 223 2898 1284 3050">
     <span class='ocr_line' id='line_1_28' title="bbox 283 2898 1284 2977; baseline 0.007 -24"><span class='ocrx_word' id='word_1_225' title='bbox 283 2901 393 2954; x_wconf 84' lang='lat' dir='ltr'>Restant</span> <span class='ocrx_word' id='word_1_226' title='bbox 412 2898 473 2969; x_wconf 88' lang='lat' dir='ltr'>loci,</span> <span class='ocrx_word' id='word_1_227' title='bbox 492 2899 590 2972; x_wconf 88' lang='lat' dir='ltr'>quibus</span> <span class='ocrx_word' id='word_1_228' title='bbox 606 2899 716 2955; x_wconf 85' lang='lat' dir='ltr'>nomina</span> <span class='ocrx_word' id='word_1_229' title='bbox 736 2901 845 2975; x_wconf 86' lang='lat' dir='ltr'>propria</span> <span class='ocrx_word' id='word_1_230' title='bbox 864 2912 890 2958; x_wconf 83' lang='lat' dir='ltr'>et</span> <span class='ocrx_word' id='word_1_231' title='bbox 907 2902 1064 2977; x_wconf 80' lang='lat' dir='ltr'>appellativa</span> <span class='ocrx_word' id='word_1_232' title='bbox 1080 2904 1151 2960; x_wconf 80' lang='lat' dir='ltr'>inter</span> <span class='ocrx_word' id='word_1_233' title='bbox 1165 2923 1193 2960; x_wconf 84' lang='lat' dir='ltr'>se</span> <span class='ocrx_word' id='word_1_234' title='bbox 1206 2925 1284 2962; x_wconf 88' lang='lat' dir='ltr'>corn·</span> 
     </span>
     <span class='ocr_line' id='line_1_29' title="bbox 223 2977 431 3050; baseline -0.01 -8"><span class='ocrx_word' id='word_1_235' title='bbox 223 2977 382 3044; x_wconf 69' lang='lat' dir='ltr'>mutantur.</span> <span class='ocrx_word' id='word_1_236' title='bbox 423 3043 431 3050; x_wconf 70' lang='grc'>,</span> 
     </span>
    </p>

    <p class='ocr_par' dir='ltr' id='par_1_10' title="bbox 284 3076 893 3150">
     <span class='ocr_line' id='line_1_30' title="bbox 284 3076 893 3150; baseline 0.005 -20"><span class='ocrx_word' id='word_1_237' title='bbox 284 3079 322 3146; x_wconf 84' lang='grc' dir='ltr'>Α,</span> <span class='ocrx_word' id='word_1_238' title='bbox 341 3076 376 3134; x_wconf 84' lang='grc'>09</span> <span class='ocrx_word' id='word_1_239' title='bbox 395 3077 550 3132; x_wconf 83' lang='lat' dir='ltr'>Zenodotus</span> <span class='ocrx_word' id='word_1_240' title='bbox 568 3097 583 3131; x_wconf 84' lang='lat' dir='ltr'>e</span> <span class='ocrx_word' id='word_1_241' title='bbox 602 3078 756 3134; x_wconf 85' lang='lat' dir='ltr'>coniectura</span> <span class='ocrx_word' id='word_1_242' title='bbox 775 3079 893 3150; x_wconf 81' lang='lat' dir='ltr'>scripsits</span> 
     </span>
    </p>

    <p class='ocr_par' dir='ltr' id='par_1_11' title="bbox 230 3163 1282 3340">
     <span class='ocr_line' id='line_1_31' title="bbox 404 3163 1162 3240; baseline 0.005 -22"><span class='ocrx_word' id='word_1_243' title='bbox 404 3163 539 3225; x_wconf 79' lang='grc' dir='ltr'><strong><em>Μάντις</em></strong></span> <span class='ocrx_word' id='word_1_244' title='bbox 558 3169 734 3238; x_wconf 84' lang='grc' dir='ltr'><strong><em>Θεστορίδης,</em></strong></span> <span class='ocrx_word' id='word_1_245' title='bbox 753 3168 912 3221; x_wconf 72' lang='grc' dir='ltr'><strong><em>οἰωνοπόλων</em></strong></span> <span class='ocrx_word' id='word_1_246' title='bbox 929 3165 968 3234; x_wconf 69' lang='grc' dir='ltr'>’ὄχ’</span> <span class='ocrx_word' id='word_1_247' title='bbox 986 3163 1106 3240; x_wconf 68' lang='grc' dir='ltr'><strong><em>ἄριστος,</em></strong></span> <span class='ocrx_word' id='word_1_248' title='bbox 1160 3163 1162 3170; x_wconf 45' lang='lat'><strong>⁴</strong></span> 
     </span>
     <span class='ocr_line' id='line_1_32' title="bbox 230 3255 1282 3340; baseline 0.005 -31"><span class='ocrx_word' id='word_1_249' title='bbox 230 3255 275 3310; x_wconf 87' lang='lat' dir='ltr'>uhi</span> <span class='ocrx_word' id='word_1_250' title='bbox 302 3255 382 3310; x_wconf 76' lang='lat' dir='ltr'>catari</span> <span class='ocrx_word' id='word_1_251' title='bbox 409 3267 481 3309; x_wconf 80' lang='lat' dir='ltr'>recte</span> <span class='ocrx_word' id='word_1_252' title='bbox 497 3255 611 3322; x_wconf 78' lang='grc' dir='ltr'><strong><em>Κάλχας</em></strong></span> <span class='ocrx_word' id='word_1_253' title='bbox 629 3257 805 3328; x_wconf 76' lang='grc' dir='ltr'><strong><em>Θεστορίδηςς</em></strong></span> <span class='ocrx_word' id='word_1_254' title='bbox 834 3275 897 3314; x_wconf 88' lang='lat' dir='ltr'>narn</span> <span class='ocrx_word' id='word_1_255' title='bbox 923 3256 987 3310; x_wconf 82' lang='lat' dir='ltr'>vatis</span> <span class='ocrx_word' id='word_1_256' title='bbox 1008 3277 1111 3312; x_wconf 82' lang='lat' dir='ltr'>nornen</span> <span class='ocrx_word' id='word_1_257' title='bbox 1131 3255 1184 3340; x_wconf 82' lang='lat' dir='ltr'>hoc</span> <span class='ocrx_word' id='word_1_258' title='bbox 1209 3257 1282 3330; x_wconf 89' lang='lat' dir='ltr'>loco,</span> 
     </span>
    </p>
   </div>
   <div class='ocr_carea' id='block_1_5' title="bbox 226 3438 1284 4296">
    <p class='ocr_par' dir='ltr' id='par_1_12' title="bbox 226 3438 1284 4084">
     <span class='ocr_line' id='line_1_33' title="bbox 286 3438 1284 3517; baseline 0.006 -24"><span class='ocrx_word' id='word_1_259' title='bbox 286 3439 329 3504; x_wconf 89' lang='grc'>10)</span> <span class='ocrx_word' id='word_1_260' title='bbox 342 3439 495 3512; x_wconf 63' lang='lat' dir='ltr'>¹Didymon</span> <span class='ocrx_word' id='word_1_261' title='bbox 514 3438 731 3511; x_wconf 80' lang='grc' dir='ltr'><strong><em>Αἰσύμηθεν.</em></strong></span> <span class='ocrx_word' id='word_1_262' title='bbox 756 3441 932 3516; x_wconf 74' lang='grc' dir='ltr'><strong><em>Ἀρίσταρχος</em></strong></span> <span class='ocrx_word' id='word_1_263' title='bbox 946 3440 1182 3514; x_wconf 82' lang='grc' dir='ltr'><strong><em>Αἰσύμνηθεν,</em></strong></span> <span class='ocrx_word' id='word_1_264' title='bbox 1200 3452 1245 3499; x_wconf 79' lang='grc' dir='ltr'>καί</span> <span class='ocrx_word' id='word_1_265' title='bbox 1265 3443 1284 3517; x_wconf 73' lang='grc' dir='ltr'><strong><em>η’</em></strong></span> 
     </span>
     <span class='ocr_line' id='line_1_34' title="bbox 230 3507 1284 3590; baseline 0.012 -32"><span class='ocrx_word' id='word_1_266' title='bbox 230 3509 378 3578; x_wconf 69' lang='grc' dir='ltr'><strong><em>ἶηνοδότου</em></strong></span> <span class='ocrx_word' id='word_1_267' title='bbox 398 3517 441 3562; x_wconf 86' lang='grc' dir='ltr'><strong><em>ναί</em></strong></span> <span class='ocrx_word' id='word_1_268' title='bbox 458 3507 475 3578; x_wconf 90' lang='grc' dir='ltr'><strong><em>ή</em></strong></span> <span class='ocrx_word' id='word_1_269' title='bbox 495 3507 711 3581; x_wconf 80' lang='grc' dir='ltr'><strong><em>Ἀριστοφάνους.</em></strong></span> <span class='ocrx_word' id='word_1_270' title='bbox 759 3517 842 3584; x_wconf 89' lang='lat' dir='ltr'>Quod</span> <span class='ocrx_word' id='word_1_271' title='bbox 861 3528 932 3571; x_wconf 84' lang='lat' dir='ltr'>recte</span> <span class='ocrx_word' id='word_1_272' title='bbox 951 3515 1078 3570; x_wconf 80' lang='lat' dir='ltr'>intellexit</span> <span class='ocrx_word' id='word_1_273' title='bbox 1095 3516 1215 3590; x_wconf 84' lang='lat' dir='ltr'>lleynius</span> <span class='ocrx_word' id='word_1_274' title='bbox 1233 3518 1284 3589; x_wconf 64' lang='lat' dir='ltr'>[lV</span> 
     </span>
     <span class='ocr_line' id='line_1_35' title="bbox 229 3577 1282 3657; baseline 0.01 -26"><span class='ocrx_word' id='word_1_275' title='bbox 229 3599 256 3650; x_wconf 87' lang='lat' dir='ltr'>p.</span> <span class='ocrx_word' id='word_1_276' title='bbox 276 3577 356 3646; x_wconf 72' lang='lat'><strong>469),</strong></span> <span class='ocrx_word' id='word_1_277' title='bbox 382 3581 431 3633; x_wconf 87' lang='lat' dir='ltr'>nisi</span> <span class='ocrx_word' id='word_1_278' title='bbox 450 3581 524 3651; x_wconf 84' lang='lat' dir='ltr'>quod</span> <span class='ocrx_word' id='word_1_279' title='bbox 545 3583 699 3638; x_wconf 87' lang='lat' dir='ltr'>Villoisonis</span> <span class='ocrx_word' id='word_1_280' title='bbox 715 3587 873 3657; x_wconf 83' lang='grc' dir='ltr'><strong><em>Αίσυμηθεν</em></strong></span> <span class='ocrx_word' id='word_1_281' title='bbox 896 3588 923 3640; x_wconf 90' lang='lat' dir='ltr'>in</span> <span class='ocrx_word' id='word_1_282' title='bbox 949 3587 1074 3642; x_wconf 84' lang='lat' dir='ltr'>lemmate</span> <span class='ocrx_word' id='word_1_283' title='bbox 1092 3586 1194 3642; x_wconf 86' lang='lat' dir='ltr'>Scholii</span> <span class='ocrx_word' id='word_1_284' title='bbox 1218 3608 1282 3643; x_wconf 81' lang='lat' dir='ltr'>eum</span> 
     </span>
     <span class='ocr_line' id='line_1_36' title="bbox 228 3651 1283 3729; baseline 0.01 -27"><span class='ocrx_word' id='word_1_285' title='bbox 228 3651 256 3702; x_wconf 90' lang='lat' dir='ltr'>in</span> <span class='ocrx_word' id='word_1_286' title='bbox 275 3667 395 3702; x_wconf 85' lang='lat' dir='ltr'>errorent</span> <span class='ocrx_word' id='word_1_287' title='bbox 415 3651 530 3704; x_wconf 71' lang='lat' dir='ltr'>indulsit·</span> <span class='ocrx_word' id='word_1_288' title='bbox 573 3654 645 3707; x_wconf 84' lang='lat' dir='ltr'>Male</span> <span class='ocrx_word' id='word_1_289' title='bbox 663 3655 786 3727; x_wconf 85' lang='lat' dir='ltr'>Spitaner</span> <span class='ocrx_word' id='word_1_290' title='bbox 810 3659 900 3711; x_wconf 91' lang='lat' dir='ltr'>locum</span> <span class='ocrx_word' id='word_1_291' title='bbox 925 3661 1046 3712; x_wconf 75' lang='lat' dir='ltr'>tentarit:</span> <span class='ocrx_word' id='word_1_292' title='bbox 1074 3660 1283 3729; x_wconf 83' lang='grc' dir='ltr'><strong><em>Αἰσύμηθεν</em></strong></span> 
     </span>
     <span class='ocr_line' id='line_1_37' title="bbox 228 3718 1282 3800; baseline 0.012 -28"><span class='ocrx_word' id='word_1_293' title='bbox 228 3718 418 3791; x_wconf 78' lang='grc' dir='ltr'><strong><em>Ἀρίσταρχος·</em></strong></span> <span class='ocrx_word' id='word_1_294' title='bbox 445 3720 671 3794; x_wconf 81' lang='grc' dir='ltr'><strong><em>Αἰσύμνηθεν</em></strong></span> <span class='ocrx_word' id='word_1_295' title='bbox 698 3734 743 3781; x_wconf 82' lang='grc' dir='ltr'>καί</span> <span class='ocrx_word' id='word_1_296' title='bbox 760 3725 777 3796; x_wconf 75' lang='lat' dir='ltr'>&#39;l</span> <span class='ocrx_word' id='word_1_297' title='bbox 796 3731 944 3798; x_wconf 82' lang='grc' dir='ltr'><strong><em>Ζηνοδότσυ</em></strong></span> <span class='ocrx_word' id='word_1_298' title='bbox 963 3736 1008 3782; x_wconf 78' lang='lat' dir='ltr'>uui</span> <span class='ocrx_word' id='word_1_299' title='bbox 1031 3725 1282 3800; x_wconf 76' lang='grc' dir='ltr'><strong><em>ήἈρνστοφάνσυς.</em></strong></span> 
     </span>
     <span class='ocr_line' id='line_1_38' title="bbox 227 3789 1281 3872; baseline 0.011 -28"><span class='ocrx_word' id='word_1_300' title='bbox 227 3796 285 3844; x_wconf 89' lang='grc' dir='ltr'>Καί</span> <span class='ocrx_word' id='word_1_301' title='bbox 303 3789 400 3860; x_wconf 77' lang='grc' dir='ltr'><strong><em>οπίεὴ</em></strong></span> <span class='ocrx_word' id='word_1_302' title='bbox 421 3790 570 3862; x_wconf 79' lang='grc' dir='ltr'><strong><em>Ζηνοδάτου</em></strong></span> <span class='ocrx_word' id='word_1_303' title='bbox 589 3797 703 3852; x_wconf 81' lang='lat' dir='ltr'>ostendit</span> <span class='ocrx_word' id='word_1_304' title='bbox 721 3799 854 3854; x_wconf 88' lang='lat' dir='ltr'>Zenodoti</span> <span class='ocrx_word' id='word_1_305' title='bbox 877 3801 1005 3866; x_wconf 73' lang='lat' dir='ltr'>eandem,</span> <span class='ocrx_word' id='word_1_306' title='bbox 1024 3813 1110 3872; x_wconf 85' lang='lat' dir='ltr'>atque.</span> <span class='ocrx_word' id='word_1_307' title='bbox 1124 3801 1281 3870; x_wconf 84' lang='lat' dir='ltr'>Aristarchi,</span> 
     </span>
     <span class='ocr_line' id='line_1_39' title="bbox 226 3863 1281 3944; baseline 0.011 -28"><span class='ocrx_word' id='word_1_308' title='bbox 226 3864 306 3917; x_wconf 86' lang='lat' dir='ltr'>luisse</span> <span class='ocrx_word' id='word_1_309' title='bbox 331 3863 381 3917; x_wconf 90' lang='lat' dir='ltr'>scri</span> <span class='ocrx_word' id='word_1_310' title='bbox 404 3875 499 3918; x_wconf 86' lang='lat' dir='ltr'>turam.</span> <span class='ocrx_word' id='word_1_311' title='bbox 551 3864 593 3940; x_wconf 74' lang='lat' dir='ltr'>Cf.</span> <span class='ocrx_word' id='word_1_312' title='bbox 613 3867 703 3923; x_wconf 86' lang='lat' dir='ltr'>Schol.</span> <span class='ocrx_word' id='word_1_313' title='bbox 720 3873 740 3931; x_wconf 75' lang='lat' dir='ltr'>l.</span> <span class='ocrx_word' id='word_1_314' title='bbox 760 3873 813 3928; x_wconf 82' lang='lat'>285</span> <span class='ocrx_word' id='word_1_315' title='bbox 832 3883 927 3944; x_wconf 84' lang='lat' dir='ltr'>atque,</span> <span class='ocrx_word' id='word_1_316' title='bbox 957 3883 987 3926; x_wconf 94' lang='lat' dir='ltr'>ut</span> <span class='ocrx_word' id='word_1_317' title='bbox 1002 3871 1175 3926; x_wconf 69' lang='lat' dir='ltr'>scholiorum</span> <span class='ocrx_word' id='word_1_318' title='bbox 1203 3895 1281 3928; x_wconf 88' lang='lat' dir='ltr'>usum</span> 
     </span>
     <span class='ocr_line' id='line_1_40' title="bbox 227 3885 1281 4016; baseline 0.01 -29"><span class='ocrx_word' id='word_1_319' title='bbox 227 3937 311 4006; x_wconf 82' lang='lat' dir='ltr'>probe</span> <span class='ocrx_word' id='word_1_320' title='bbox 327 3885 468 4007; x_wconf 74' lang='lat' dir='ltr'>intelligas,</span> <span class='ocrx_word' id='word_1_321' title='bbox 487 3935 578 3990; x_wconf 86' lang='lat' dir='ltr'>Schol.</span> <span class='ocrx_word' id='word_1_322' title='bbox 599 3959 624 4004; x_wconf 88' lang='grc' dir='ltr'>α,</span> <span class='ocrx_word' id='word_1_323' title='bbox 645 3939 688 3994; x_wconf 90' lang='grc'>97.</span> <span class='ocrx_word' id='word_1_324' title='bbox 705 3942 773 3998; x_wconf 57' lang='lat'>298&gt;</span> <span class='ocrx_word' id='word_1_325' title='bbox 786 3943 848 3998; x_wconf 75' lang='grc'><strong>581.</strong></span> <span class='ocrx_word' id='word_1_326' title='bbox 866 3944 928 3999; x_wconf 78' lang='grc'>089.</span> <span class='ocrx_word' id='word_1_327' title='bbox 964 3944 994 3996; x_wconf 95' lang='lat' dir='ltr'>ln</span> <span class='ocrx_word' id='word_1_328' title='bbox 1014 3943 1139 3996; x_wconf 85' lang='lat' dir='ltr'>Schan</span> <span class='ocrx_word' id='word_1_329' title='bbox 1158 3965 1210 4016; x_wconf 91' lang='lat' dir='ltr'>pro</span> <span class='ocrx_word' id='word_1_330' title='bbox 1227 3948 1281 3998; x_wconf 79' lang='grc' dir='ltr'>Αι-</span> 
     </span>
     <span class='ocr_line' id='line_1_41' title="bbox 226 4007 1120 4084; baseline 0.011 -24"><span class='ocrx_word' id='word_1_331' title='bbox 226 4009 339 4077; x_wconf 78' lang='grc' dir='ltr'><strong><em>σείνηθεν</em></strong></span> <span class='ocrx_word' id='word_1_332' title='bbox 358 4007 502 4080; x_wconf 81' lang='lat' dir='ltr'>legendum</span> <span class='ocrx_word' id='word_1_333' title='bbox 521 4027 576 4063; x_wconf 87' lang='lat' dir='ltr'>esse</span> <span class='ocrx_word' id='word_1_334' title='bbox 595 4012 767 4080; x_wconf 80' lang='grc' dir='ltr'><strong><em>Αἰσύανηθεν</em></strong></span> <span class='ocrx_word' id='word_1_335' title='bbox 784 4015 836 4066; x_wconf 87' lang='lat' dir='ltr'>iam</span> <span class='ocrx_word' id='word_1_336' title='bbox 857 4033 937 4084; x_wconf 82' lang='lat' dir='ltr'>supra</span> <span class='ocrx_word' id='word_1_337' title='bbox 957 4015 1120 4072; x_wconf 81' lang='lat' dir='ltr'>monuimus.</span> 
     </span>
    </p>

    <p class='ocr_par' dir='ltr' id='par_1_13' title="bbox 226 4077 1281 4296">
     <span class='ocr_line' id='line_1_42' title="bbox 282 4077 1281 4159; baseline 0.009 -29"><span class='ocrx_word' id='word_1_338' title='bbox 282 4079 327 4145; x_wconf 85' lang='lat'>11)</span> <span class='ocrx_word' id='word_1_339' title='bbox 346 4077 388 4135; x_wconf 85' lang='lat' dir='ltr'>Cf.</span> <span class='ocrx_word' id='word_1_340' title='bbox 407 4078 499 4132; x_wconf 89' lang='lat' dir='ltr'>Schol.</span> <span class='ocrx_word' id='word_1_341' title='bbox 518 4079 571 4134; x_wconf 88' lang='lat' dir='ltr'>0d.</span> <span class='ocrx_word' id='word_1_342' title='bbox 588 4087 615 4146; x_wconf 77' lang='grc' dir='ltr'>β,</span> <span class='ocrx_word' id='word_1_343' title='bbox 636 4081 699 4138; x_wconf 82' lang='grc'><strong>359.</strong></span> <span class='ocrx_word' id='word_1_344' title='bbox 717 4086 744 4146; x_wconf 86' lang='grc' dir='ltr'>δ,</span> <span class='ocrx_word' id='word_1_345' title='bbox 764 4085 826 4142; x_wconf 71' lang='grc'>702.</span> <span class='ocrx_word' id='word_1_346' title='bbox 850 4085 922 4139; x_wconf 84' lang='lat' dir='ltr'>Eust.</span> <span class='ocrx_word' id='word_1_347' title='bbox 941 4104 965 4156; x_wconf 84' lang='lat' dir='ltr'>p.</span> <span class='ocrx_word' id='word_1_348' title='bbox 987 4087 1065 4153; x_wconf 83' lang='grc'>1470,</span> <span class='ocrx_word' id='word_1_349' title='bbox 1086 4087 1102 4142; x_wconf 94' lang='grc'>7</span> <span class='ocrx_word' id='word_1_350' title='bbox 1120 4105 1178 4159; x_wconf 78' lang='lat' dir='ltr'>sqq.</span> <span class='ocrx_word' id='word_1_351' title='bbox 1215 4087 1281 4140; x_wconf 85' lang='lat' dir='ltr'>Post</span> 
     </span>
     <span class='ocr_line' id='line_1_43' title="bbox 226 4149 1280 4228; baseline 0.011 -29"><span class='ocrx_word' id='word_1_352' title='bbox 226 4171 253 4214; x_wconf 83' lang='lat' dir='ltr'>n,</span> <span class='ocrx_word' id='word_1_353' title='bbox 272 4149 307 4204; x_wconf 86' lang='grc'>03</span> <span class='ocrx_word' id='word_1_354' title='bbox 326 4149 353 4201; x_wconf 93' lang='lat' dir='ltr'>in</span> <span class='ocrx_word' id='word_1_355' title='bbox 378 4150 544 4220; x_wconf 79' lang='lat' dir='ltr'>marginibus</span> <span class='ocrx_word' id='word_1_356' title='bbox 568 4151 694 4206; x_wconf 82' lang='lat' dir='ltr'>codicum</span> <span class='ocrx_word' id='word_1_357' title='bbox 712 4154 810 4210; x_wconf 80' lang='lat' dir='ltr'>Harlei.</span> <span class='ocrx_word' id='word_1_358' title='bbox 835 4155 905 4226; x_wconf 86' lang='lat' dir='ltr'>etQ</span> <span class='ocrx_word' id='word_1_359' title='bbox 931 4158 1040 4228; x_wconf 80' lang='lat' dir='ltr'>ascripti</span> <span class='ocrx_word' id='word_1_360' title='bbox 1065 4168 1128 4212; x_wconf 85' lang='lat' dir='ltr'>sunt</span> <span class='ocrx_word' id='word_1_361' title='bbox 1151 4176 1240 4211; x_wconf 78' lang='lat' dir='ltr'>versus</span> <span class='ocrx_word' id='word_1_362' title='bbox 1265 4179 1280 4211; x_wconf 88' lang='lat' dir='ltr'>e</span> 
     </span>
     <span class='ocr_line' id='line_1_44' title="bbox 226 4220 704 4296; baseline 0.01 -24"><span class='ocrx_word' id='word_1_363' title='bbox 226 4220 379 4276; x_wconf 83' lang='lat' dir='ltr'>Zenodotea</span> <span class='ocrx_word' id='word_1_364' title='bbox 398 4225 528 4292; x_wconf 84' lang='lat' dir='ltr'>scriptura</span> <span class='ocrx_word' id='word_1_365' title='bbox 549 4242 574 4290; x_wconf 84' lang='lat' dir='ltr'>u,</span> <span class='ocrx_word' id='word_1_366' title='bbox 593 4223 646 4280; x_wconf 81' lang='lat'>285</span> <span class='ocrx_word' id='word_1_367' title='bbox 664 4244 704 4296; x_wconf 83' lang='lat' dir='ltr'>sq.</span> 
     </span>
    </p>
   </div>
   <div class='ocr_carea' id='block_1_6' title="bbox 0 0 1448 4890">
    <p class='ocr_par' dir='ltr' id='par_1_14' title="bbox 0 0 1448 4890">
     <span class='ocr_line' id='line_1_45' title="bbox 0 0 1448 4890; baseline 0 2"><span class='ocrx_word' id='word_1_368' title='bbox 0 0 1448 4890; x_wconf 95' lang='lat' dir='ltr'> </span> 
     </span>
    </p>
   </div>
  </div>
 </body>
</html>
