2886 4890
740 391 813 464 144

372 579 491 652 Γηδὴσεε
508 589 682 650 προφανετσπς
695 577 723 646 Β)
743 575 806 630 ideis
824 580 855 637 te
872 581 1004 633 δοῦπον
1023 577 1188 648 dedatur,

258 669 340 727 ceteri
361 665 411 721 riui
429 669 564 730 πτολδμοοο
578 662 699 735 proripere.
733 665 904 734 Zenodotus,
932 687 1016 740 quum
1034 669 1062 723 iu
1081 680 1215 725 structura
1235 670 1310 725 diiii-

256 758 349 812 ciliore
368 755 502 821 haereret,
521 772 627 808 memor
651 754 721 807 iilius
745 773 823 826 saepe
848 754 918 808 obvii
943 751 1060 825 γήθησεν
1085 758 1164 826 idda,
1191 779 1216 813 r.
1242 759 1308 818 377.

255 852 314 899 νῶιν
334 845 383 911 (ch
401 862 481 914 supra
501 860 524 896 c.
542 841 592 910 ΙΙΙ)
612 852 638 896 et
655 862 678 895 v.
695 842 749 899 378
767 847 792 901 ῖς
809 845 907 897 δοῦπον
923 839 1038 896 ciriacus
1056 846 1218 914 emendarit,·
1234 848 1309 919 quod

257 934 301 988 hic
324 932 413 988 minus
435 941 528 1003 aptum
554 928 658 984 ridetur
683 931 733 999 (cf.
757 933 781 1000 Ι,
802 929 863 987 364.
888 951 916 999 π,
934 930 1019 1001 361),
1044 951 1125 1004 quam
1144 931 1196 986 οἷνοὶ
1214 937 1308 989 πτολέ-

257 1044 315 1084 μοιο
332 1021 444 1090 γεφύρας
462 1019 511 1087 (οΙ.
530 1020 554 1085 λ,
576 1018 635 1075 100.
653 1039 678 1084 υ,
695 1018 772 1088 42⁷).
1147 1013 1153 1018 .

311 1111 349 1175 Θ,
377 1106 428 1164 501
449 1106 605 1160 Zenodotus
622 1123 673 1178 pro
703 1109 744 1158 int
768 1107 872 1176 ῥηγμῖνι
897 1107 1052 1176 θαλάσσης,
1078 1107 1151 1179 quod
1179 1108 1310 1182 languide

258 1198 336 1253 adiici
356 1196 475 1269 putabat,
497 1213 661 1266 quamquam
679 1193 801 1249 Hectoris
818 1193 934 1249 orationi
949 1195 1002 1248 iam
1021 1195 1054 1249 de
1073 1198 1239 1269 occupandis
1258 1221 1310 1254 na-

257 1288 332 1341 vibus
350 1283 491 1356 cogitantis
518 1292 556 1335 est
574 1282 755 1354 aptissimum,
782 1282 852 1337 male
874 1303 889 1336 e
911 1305 935 1352 ν,
948 1285 997 1340 45.
1023 1287 1077 1337 inst
1094 1283 1157 1345 Δνδς
1181 1288 1310 1358 Ιτράπετο

258 1376 340 1448 φρήν,
357 1372 411 1426 buc
428 1369 570 1425 transtulit.
606 1369 787 1425 Aristonicus:
811 1365 1008 1440 'despuimus'
1036 1369 1069 1424 ου’
1085 1369 1136 1445 γὰρ
1154 1371 1227 1426 seed
1244 1371 1310 1435 Δοδς

257 1468 406 1534 προαίρεσιν
424 1454 469 1516 arii
489 1461 595 1524 ἐγένετο.

309 1553 357 1616 Μ,
375 1547 428 1604 230
445 1545 527 1616 (adde
546 1562 570 1612 σ,
589 1544 656 1614 284)
675 1544 809 1601 immerito
827 1546 983 1601 zenodotus
1000 1548 1167 1602 emendarit}

353 1631 417 1688 Tdr
437 1631 463 1686 δ’
481 1630 625 1702 ἠμείβετ’
641 1635 762 1688 ἔπειτα
779 1639 883 1703 μέγας
901 1637 1075 1704 κορυθαίολος
1085 1629 1204 1706 Ἕκτωρ,

257 1745 307 1798 pro
325 1719 371 1775 τδν
389 1719 414 1775 δ’
432 1717 474 1791 ἄρ’
495 1716 602 1790 ῦπῦδρα
626 1718 689 1774 ὀδοῦν
711 1727 839 1794 προςΙφρ,
866 1723 939 1795 quod
957 1721 1099 1778 Hectorem
1122 1725 1310 1795 Polydaman-

255 1813 287 1867 tis
306 1809 446 1864 eonsilium
459 1807 624 1862 reiicientem
643 1829 698 1862 non
718 1809 813 1876 decere
832 1811 1019 1865 arbitrabatur.
1054 1812 1222 1870 Aristonicus
1240 1835 1309 1870 con·

256 1912 296 1952 tra
314 1895 483 1950 Zenodotum
503 1907 608 1949 monete
629 1887 738 1955 Εὐθέως
755 1889 806 1966 yrip
824 1895 856 1950 τῦ
881 1895 1037 1968 δυςῦρεστον
1061 1903 1175 1962 ἐμφαίνει
1193 1899 1241 1953 δοῦ
1258 1907 1308 1972 τῆς

257 1983 346 2048 ὄφεως.
382 1981 505 2034 Fortasse
521 1984 600 2050 'locus
616 2003 641 2052 η,
659 1981 729 2050 357,
748 1984 795 2039 ubi
814 1985 918 2038 Paridis
934 1985 1100 2056 orationem,
1115 2007 1187 2060 quae
1205 1989 1304 2044 eodem

257 2072 353 2138 modo,
376 2089 431 2142 quo
449 2067 492 2122 hic
510 2068 624 2139 Hector,
642 2069 752 2142 incipit,
772 2091 861 2126 versus
880 2073 1028 2144 praecedit:

416 2152 468 2215 Ι’ος
483 2178 528 2219 μιν
545 2153 711 2224 ἀμειβόμενος
728 2159 789 2212 ἔπεα
809 2157 950 2231 πτερόεντα
968 2161 1118 2232 προςρῦῦα,

156 2292 163 2305 ,
254 2244 425 2299 Zenodoteae
444 2243 615 2298 coniecturae
634 2246 766 2317 originem
786 2247 866 2301 dedit.

305 2337 346 2399 M,
359 2333 413 2388 444
431 2333 605 2388 audacissima
619 2325 772 2388 coniectura
786 2355 836 2406 pro
854 2335 942 2388 verbis
956 2331 1088 2401 ἀκαχμένα
1104 2320 1214 2406 dodpnc'
1234 2337 1310 2403 ἦνον·
1367 2347 1371 2352 ’

254 2441 305 2488 τες,
318 2421 351 2474 ab
362 2413 489 2487 Homero,
506 2431 605 2476 utrem
620 2421 730 2476 viridius
742 2407 892 2495 clariusque
906 2433 1080 2495 proponeret,
1100 2423 1202 2490 additis,
1220 2445 1308 2497 quum

255 2528 357 2565 versum
375 2507 429 2579 439
449 2509 481 2563 de
498 2506 571 2576 lore,
592 2499 660 2582 duae
679 2512 746 2564 mira
766 2523 883 2565 veterum
898 2523 954 2565 erat
972 2499 1155 2583 interpretatio
1173 2511 1223 2584 (ci.
1244 2513 1309 2567 Ari-

254 2598 349 2656 stonici
368 2596 460 2667 nota),
478 2596 646 2670 intelligeret,
664 2599 768 2672 scripsit
782 2603 835 2654 Ιπεὶ
852 2596 916 2659 Acir
928 2597 953 2670 5)
971 2599 1061 2652 ἔκλυον
1080 2595 1173 2668 αῦδήν.

299 2815 338 2884 ,2)
355 2819 537 2886 Προφανετοας
556 2815 605 2882 (ci.
625 2816 742 2873 Absens·
753 2819 777 2872 ΙΙ
795 2839 820 2890 p.
841 2817 892 2875 172
917 2828 943 2871 et
967 2817 1000 2870 de
1024 2829 1137 2873 accentu
1157 2816 1309 2888 Goettling.

255 2908 281 2960 p.
293 2887 357 2954 115)
376 2887 531 2941 Zenodotus
548 2899 575 2942 et
586 2887 768 2957 Herodianus;
779 2891 830 2952 ,atii
849 2897 1016 2960 προφανεῖσα.
1054 2889 1220 2944 Aristarchus
1238 2910 1309 2959 προ-

254 2963 369 3025 φανέντε,
388 2957 477 3012 schot.
498 2959 521 3013 Α
541 2969 616 3026 teste,
635 2978 714 3034 quern
734 2975 805 3018 recte
821 2962 941 3033 sequitur
953 2960 1072 3032 Heynius
1090 2964 1125 3029 (V
1146 2982 1172 3033 p.
1183 2960 1234 3016 481
1253 2966 1307 3032 sq.)

254 3028 344 3084 Schoi.
363 3029 385 3081 B
405 3041 430 3082 et
451 3029 479 3096 h,
499 3030 545 3102 qui
557 3031 739 3086 Aristarchum
759 3039 918 3103 προφανεῖσα
935 3034 1069 3104 scripsisse
1086 3034 1204 3099 tradunt,
1222 3031 1307 3084 fidem

253 3100 352 3155 habere
369 3100 492 3172 Spitaner
511 3121 567 3156 non
584 3103 683 3158 debuit.
727 3105 883 3159 Doctiorem
903 3105 1062 3174 scripturam
1081 3107 1240 3174 προφανέντε
1256 3105 1309 3170 (cf.

253 3174 286 3227 de
308 3191 406 3245 genere
425 3174 571 3228 masculino
590 3181 620 3241 θ,
639 3176 704 3242 455)
723 3175 892 3230 Aristarchus
909 3195 923 3228 e
941 3175 1016 3228 libris
1034 3176 1175 3230 restituisse
1192 3175 1308 3229 ridetur.

254 3247 435 3316 Προφπνεῖαεες
454 3256 499 3298 aut
517 3245 649 3300 Zenodoti
668 3247 822 3302 coniectura
842 3258 894 3311 est,
917 3247 951 3300 ad
969 3245 1242 3302 hiatumevitaodum
1261 3247 1309 3300 in-

253 3328 344 3382 venta,
369 3327 415 3370 aut
431 3316 563 3382 librorum
583 3319 752 3390 quorundam
771 3321 821 3373 tuti
839 3318 984 3391 scriptura;
1008 3325 1167 3390 προφανείσα
1192 3318 1309 3372 torusse

253 3387 445 3458 Aristophanes
462 3387 572 3443 redusit.
1255 3389 1258 3394 ’

308 3458 340 3525 3)
359 3459 405 3513 Sic
424 3478 475 3528 pro
493 3463 558 3512 θεοῦ
576 3460 604 3512 in
623 3458 716 3516 Schoi.
741 3461 763 3515 A
789 3460 918 3526 emendo,
948 3477 1112 3532 quamquam
1140 3460 1226 3531 probe
1249 3461 1309 3514 scio

255 3528 318 3582 aiibi
337 3529 388 3599 legi
417 3534 471 3582 inst
489 3535 554 3584 θεοῦ
579 3533 668 3584 induor
687 3529 771 3602 αεῗδήν
789 3537 829 3599 (o,
850 3531 911 3586 270.
931 3530 985 3604 Od.
1004 3537 1031 3596 β,
1049 3531 1128 3597 297),
1157 3548 1242 3602 quom
1262 3531 1310 3588 hic

254 3597 318 3657 Διῦς
336 3600 383 3665 (de
400 3600 460 3654 iore
477 3600 633 3656 Zenodotus
657 3603 795 3674 cogitavit)
813 3623 901 3656 versus
925 3602 1054 3656 admittat.
1100 3601 1191 3670 Quam
1216 3623 1309 3658 meam

253 3670 725 3812 iiiiiiiidwiii?ri‘ii'iiii
745 3671 1310 3816 {3⁰5‘?²it·n0¹t÷0⁸t'tt·{sitit}

254 3811 375 3868 Behhero
393 3813 426 3867 ad
445 3835 473 3880 μ,
492 3811 545 3871 439
563 3814 652 3869 relata.
689 3817 747 3883 „Ad
767 3767 939 3871 rsiielidndam
952 3765 1085 3869 anodoti
1104 3815 1310 3889 interpretatio-

231 3884 1164 4028 ·antitisteattententes‘uttts‘ett‘t
1177 3890 1309 4013 nott·

254 4029 355 4094 iutore,
378 3997 465 4082 'totam
490 4027 670 4083 Troianorum
695 4025 780 4084 a'ciem
807 3997 958 4102 pendtrasse
983 3997 1143 4084 censueris,
1177 4036 1211 4084 At
1236 4031 1308 4086 hanc

254 4099 399 4155 Aristarchi
417 4099 526 4154 minime
546 4101 626 4154 fuisse
644 4104 800 4156 sententiam
819 4121 849 4154 ex
868 4101 1012 4156 Aristonici
1032 4111 1095 4156 nuta
1109 4115 1141 4167 Ἅι,
1160 4099 1214 4156 440
1233 4103 1308 4155 vide·

255 4185 326 4238 mus,
352 4182 432 4254 etque
457 4173 536 4226 rerba
561 4171 651 4228 schot.
669 4177 692 4227 V
710 4175 746 4230 ita
770 4183 924 4246 comparata
948 4184 1025 4240 sunt,
1048 4184 1081 4228 ut
1108 4172 1141 4225 de
1160 4173 1308 4230 Aristarchi
