2886 4890
655 407 727 480 117

204 599 247 662 Π,
267 594 320 650 234
334 594 491 646 zenodotus
512 613 561 664 pro
579 595 745 663 δυςηειμίρου
771 611 785 645 e
804 593 956 648 coniectura
975 596 1079 667 scripsit
1095 599 1205 650 πολυπί-

149 689 248 750 δακος,·
266 683 339 755 quod
363 683 430 740 illud
457 683 523 735 loris
551 683 718 738 intocntone
738 681 879 753 (Δωδώνης
902 687 1000 745 μεδέων
1024 688 1205 755 δυςχειμίρου)

150 774 294 845 indignum
313 773 346 825 sit
365 783 405 837 et,
425 781 453 824 ut
473 769 563 824 Schol.
582 771 604 824 B
624 772 704 838 dicit,
723 767 826 842 οἷδρηλά
843 769 879 823 τιν’
897 775 949 825 laet
964 779 1056 843 χωρία.
1101 775 1206 827 Aristo*

151 863 205 916 nici
223 860 349 932 suspicio,
366 880 381 911 e
394 845 453 931 ¹qna
473 859 507 912 oh
527 878 630 914 versum
645 853 850 916 Antimacheum
866 860 906 929 57)
924 865 1036 932 κρηνέων
1049 858 1074 912 τ’
1088 859 1204 932 Εὐρώπη

149 954 308 1016 μισγομένων
333 947 424 1000 ἑκατόν
443 946 597 1000 Zenodotus
623 951 800 1008 πολυπίδακος
819 949 970 1020 scripserit,
1002 950 1142 1003 arbitraria
1168 959 1206 1004 'est

150 1049 231 1110 atque
249 1031 377 1090 ah'omni
396 1034 584 1106 probabilitate
603 1035 736 1090 abhorret.
777 1034 904 1090 Ceterum
923 1037 1013 1091 nescio
1031 1057 1065 1090 aa
1085 1049 1157 1091 recte
1176 1056 1206 1089 ex

150 1127 202 1181 hac
227 1126 360 1196 scriptura
386 1121 513 1194 colligas,
541 1122 712 1178 Zenodotum
742 1143 962 1196 nusquamnum
980 1124 1135 1180 Aristarcho
1152 1126 1205 1194 (cf.
1234 1117 1236 1122 ¹

151 1215 242 1270 Schol.
261 1219 283 1280 ξ,
307 1213 366 1268 157.
387 1232 411 1277 υ,
432 1212 476 1268 59.
495 1213 610 1281 ψ,117)
628 1210 824 1281 πολυπιδάκου,
842 1214 888 1268 sed
908 1215 1086 1282 πολυπίδακος
1105 1212 1205 1285 legisse.

202 1309 241 1370 P,
260 1302 292 1358 51
313 1300 469 1354 zenodotus
487 1299 632 1354 infeliciter
650 1302 813 1355 emendarit:

292 1387 396 1452 Αἵματί
414 1390 438 1440 οἳ
455 1384 561 1440 δεύοντο
581 1385 658 1452 κόμαν
674 1397 859 1460 χαρίτεσσν
875 1392 1050 1458 μέλαιναν,
1110 1415 1112 1422 ’

151 1479 197 1532 uhi
217 1477 299 1532 ceteri
318 1481 476 1546 Χαρίτεσσιν
495 1471 590 1538 ὁμοῖαι.
632 1478 820 1532 Zenodoteum
844 1498 923 1532 sensu
948 1497 1040 1532 carere
1059 1479 1124 1533 dicit
1142 1478 1207 1532 Ari-

150 1567 278 1622 stonicus.
314 1564 405 1620 Schol.
422 1564 449 1617 ·V
470 1564 536 1616 mire
554 1564 667 1636 explicat
684 1561 736 1617 nini
753 1571 877 1636 Χαρίτων
901 1568 1079 1628 μελανθετοαο.
1116 1566 1207 1622 Zeno·

150 1659 230 1712 dotus
254 1661 406 1724 χαρίτεσσι,
431 1652 503 1725 quod
529 1653 645 1707 editores
663 1653 803 1727 hucusque
821 1654 914 1722 latuit,
941 1675 1041 1709 nomen
1066 1654 1207 1728 appellati·

151 1767 211 1800 vum
231 1727 324 1798 hahuit
342 1754 431 1814 atque,
453 1743 479 1793 ni
498 1741 585 1807 fattor,
605 1742 632 1794 in
651 1739 951 1814 qtonoaaefonnnnarc
969 1739 1115 1816 erplicavit,
1134 1747 1207 1798 unde

150 1833 290 1904 desumpta
317 1830 440 1885 videntur
462 1830 540 1884 verba
559 1829 649 1884 Schol.
666 1833 704 1884 A:
729 1831 881 1892 Μακεδόνες
905 1834 935 1896 δὲ
960 1839 1005 1884 καί
1021 1831 1140 1904 Κύπριοι
1155 1834 1206 1900 χιλ-
1240 1845 1241 1853 ’

151 1943 228 1992 ροτας
243 1924 345 1986 λέγουσι
363 1917 412 1977 acic
428 1923 653 1990 συνεστραμμένοις
672 1924 716 1970 καί
736 1917 817 1978 οὔλας
835 1927 978 1992 μυρσίνας,
997 1914 1028 1980 cir
1047 1943 1129 1985 φαμεν
1147 1933 1205 1974 'orr-

150 2011 299 2074 φονιτίδας.
345 2007 466 2078 Χάριτας
485 2008 566 2078 igitur
585 2007 741 2060 cirrosdici
760 2010 868 2078 putavit.
911 2009 1043 2064 Zenodoti
1067 2011 1207 2064 coniectu-

152 2119 209 2154 ram
236 2096 477 2166 ecomparatione
498 2095 705 2165 abbreviata⁵⁸)
731 2115 786 2148 non
815 2096 949 2151 intellecta
973 2117 1028 2150 esse
1054 2110 1141 2151 ortam
1168 2102 1211 2152 τίν’

150 2201 205 2255 est,
224 2185 296 2258 quod
315 2203 450 2239 moneam.
487 2185 527 2236 Ne
539 2184 722 2236 Zenodotemn
739 2183 991 2254 ¹interpretationem
1006 2185 1118 2254 mireris,
1139 2206 1206 2240 con·

152 2279 194 2330 ser
211 2293 257 2340 ea,
275 2292 342 2345 quae
359 2273 393 2326 de
411 2291 476 2326 voce
494 2269 625 2344 βοτρυδδν
643 2276 670 2337 β,
687 2271 723 2327 89
742 2270 841 2327 docuit.

208 2368 240 2431 P,
258 2361 309 2418 213
327 2383 365 2434 sq.
383 2361 555 2414 zenodotus:

197 2468 203 2478 ¹
563 2445 706 2500 Ἰνδάλλετο
727 2449 757 2500 δὲ
777 2451 944 2508 coronationi
977 2455 980 2460 ’

319 2536 421 2605 τεύχεσι
441 2535 603 2602 λαμπόμενος
623 2535 831 2605 Πηληϊάδεω
850 2533 1019 2604 Ἀχιλῆος.

151 2621 321 2682 Aristarchus
344 2623 490 2696 μεγαθύμῳ
510 2629 652 2696 Πηλείωνι,
681 2624 802 2696 vulgares
821 2624 949 2678 editiones
973 2620 1128 2692 μεγαθύμου
1148 2628 1206 2694 Πη-

151 2719 260 2776 λείωνος.
299 2719 394 2769 Omnes
412 2717 571 2768 Patroclum
583 2713 718 2768 Achillem
738 2713 874 2772 hahuisse,
892 2712 966 2784 quod
985 2711 1086 2765 dativus
1104 2711 1207 2784 signifi·

151 2816 225 2858 earet
235 2844 243 2871 ,
261 2803 306 2857 hic
324 2822 379 2856 non
398 2815 492 2874 aptum
512 2823 566 2856 esse
586 2795 699 2876 quisquc
719 2801 802 2868 videt,
830 2819 919 2873 neque
935 2797 1038 2866 νείνχεσο
1055 2800 1112 2853 siue
1130 2800 1207 2871 geni-

151 2893 205 2946 tivo
223 2891 351 2946 adiuncto
369 2891 539 2964 lercipotest
555 2891 606 2959 59).
644 2890 744 2954 Nescio
759 2908 813 2962 quo
832 2907 895 2944 casu
913 2890 1058 2944 Aristarchi
1077 2889 1207 2944 iudicium

206 3075 254 3143 37)
273 3074 365 3134 Schol.
383 3078 416 3130 V.
441 3087 519 3130 notat
542 3078 575 3130 Ol
599 3081 657 3147 περί
675 3074 822 3145 Ζηνὸδυοον
843 3075 1080 3131 πολυπίδακος
1105 3071 1151 3126 δαῒ
1176 3070 1206 3124 ml

150 3147 327 3213 Καλλιμάχου
345 3152 456 3218 αρηνίων
474 3146 499 3202 τ’
513 3147 628 3218 Εὐρώπη
646 3153 804 3210 μισγομένων
823 3146 922 3207 ἑκατόν,
936 3145 1206 3199 iamsserohardium

152 3219 221 3284 (hist.
240 3218 288 3274 litt.
307 3218 355 3274 Gr.
374 3218 398 3271 ll
418 3218 628 3290 p.1035)male
646 3219 746 3272 habuit.
781 3215 895 3268 Naelius
913 3216 946 3268 de
964 3214 1129 3268 Callimacho
1150 3235 1205 3270 non

152 3291 255 3344 dubitat
277 3290 394 3362 (Opuse.
413 3291 437 3343 ll
468 3312 494 3360 p.
513 3292 570 3358 50).
618 3287 769 3344 Antimachi
795 3305 894 3340 nomen
924 3287 946 3340 e¹
966 3286 1124 3339 confusione
1151 3287 1207 3339 lre-

152 3361 245 3434 quenti
262 3361 309 3425 (cf.
322 3361 399 3415 Stoll.
416 3383 440 3434 p.
451 3361 502 3417 107
511 3383 551 3434 sq.
570 3362 618 3416 111
641 3373 665 3414 et
684 3361 863 3414 additamenta
882 3377 941 3410 mea
960 3358 992 3410 ad
1014 3357 1109 3427 fragm.
1129 3359 1206 3430 epica

152 3455 179 3504 p.
198 3434 246 3498 41)
265 3434 458 3486 restituendum
486 3445 532 3486 est.
583 3433 792 3502 Fragmentum,
811 3429 924 3500 elyde
950 3428 1136 3500 desumptum,
1164 3449 1207 3496 eo,

152 3504 224 3576 quod
246 3503 369 3558 Dodonia
387 3505 607 3574 nanctoacum,
626 3504 730 3558 Oceani
749 3503 811 3563 srlia,
830 3501 929 3556 dicitur
946 3501 998 3566 (clu
1015 3500 1116 3572 steph..
1135 3503 1207 3555 unde

152 3575 336 3635 emendandus
355 3576 446 3632 Schol.
467 3577 520 3646 V),
545 3596 599 3630 non
626 3577 686 3629 satis
711 3574 865 3644 explicatur.
909 3571 1035 3626 Ceterum
1054 3573 1208 3626 Antimachi

152 3648 228 3700 neos
247 3641 377 3701 advocarit
396 3645 503 3702 senona
522 3669 547 3712 ο,
571 3649 593 3702 1.
612 3653 639 3714 ο,
648 3649 673 3702 2.
691 3669 716 3713 y,
737 3645 797 3701 144.
819 3644 878 3699 ιω.
899 3646 925 3710 ο,
943 3645 1002 3701 οοο.
1023 3643 1084 3700 439.
1104 3666 1124 3710 ε,
1145 3645 1206 3702 389.

151 3718 188 3846 le
192 3718 259 3856 {⁰3
272 3721 314 3844 ii
315 3718 384 3846 9154.
399 3741 423 3788 ο,
442 3719 503 3775 299.
522 3722 548 3784 ε,
569 3718 628 3774 rna.
647 3719 707 3775 500.
727 3739 758 3788 ρ,
781 3715 839 3772 134.
858 3734 894 3782 ψ,
912 3715 974 3770 845.
993 3737 1029 3784 ω,
1049 3715 1093 3772 23.
1112 3715 1166 3770 on.
1185 3739 1204 3784 r,

205 3859 254 3926 38)
273 3861 316 3914 De
336 3881 388 3932 qua
408 3862 442 3914 cl.
461 3860 669 3914 Remaoliusde
693 3859 940 3931 comparationibus
959 3857 1105 3910 Homericis
1125 3857 1159 3908 lll
1181 3879 1205 3928 p.

154 3934 186 3989 12
205 3944 230 3989 et
244 3952 311 4004 quos
324 3932 414 3986 laudat
428 3933 565 3986 Obbarius
580 3933 612 3984 ad
628 3933 729 3986 Horatii
744 3931 867 4002 epistolas
885 3931 896 3981 l
913 3951 937 4002 p.
951 3929 996 3984 89.
1033 3928 1108 3983 Adde
1129 3947 1206 3981 com-

150 4005 420 4077 rnentariosanostros
438 4005 464 4056 in
486 4005 625 4057 Horatium
646 4004 665 4056 ll
689 4025 713 4075 p.
733 3997 798 4058 415.1
809 4002 848 4054 'lV
869 4022 896 4072 p·
916 4001 977 4057 229·

205 4075 253 4142 39)
270 4075 363 4128 Unum
383 4077 455 4129 verbi
475 4077 644 4127 ίνδιίλλεοθαο
658 4095 719 4129 cum
739 4075 827 4127 dativo
845 4072 929 4125 iuncti
949 4068 1110 4140 exemplum,
1131 4071 1203 4139 quod

150 4147 276 4218 Spitzner
294 4148 405 4218 profert,
424 4147 479 4200 Od.
500 4169 524 4213 μ,
543 4147 605 4211 246,
625 4146 778 4213 Nitaschius,
798 4144 875 4200 cuius
894 4153 985 4199 notam
1004 4143 1061 4212 ipso
1080 4140 1205 4212 Spitzner

149 4219 250 4288 laudat,
270 4239 330 4273 cum
350 4218 529 4292 Aristophane
548 4217 660 4277 sustulit.
1016 4239 1026 4249 ”
