2896 4888
723 404 795 480 168

230 602 273 659 cf.
291 601 410 674 Heynius
429 597 464 650 Vl
482 617 508 668 p.
526 593 589 650 245.
634 591 715 648 Bett.
740 591 773 646 de
792 589 1012 662 interpretatione
1031 599 1149 644 veterum
1168 588 1288 660 scripto-

230 709 289 744 rum
309 709 337 761 p.
357 686 402 744 68.
437 684 568 756 Geppert.
589 681 600 734 1
619 701 646 758 p.
667 681 751 740 11.11
771 700 797 752 p.
819 679 878 734 150.

284 780 323 840 A,
342 775 453 845 791εη.
473 770 560 825 omisit
578 768 858 823 zenodotus·versuss

397 867 431 914 m
447 864 477 913 δέ
495 878 555 911 τινιι
573 861 662 927 φρεσὶν
678 842 725 928 ᾖσι
741 860 906 926 θεοπροπίην
924 851 1029 907 diesim

396 954 441 1002 ιιιιί
458 947 515 1000 τινά
533 947 556 996 οἶ
577 942 630 1014 nsip
649 941 733 1013 Ζηνδς
752 945 880 1013 iniopode
897 941 990 996 πότνια
1008 942 1110 1012 μήτηρ,

231 1057 298 1111 quos
310 1038 477 1092 Aristonicus
494 1032 650 1101 ἀναγκαίους
668 1033 733 1088 dicit
751 1037 787 1091 εὶς
804 1029 944 1102 {pedronis
963 1027 1109 1095 Ἀχιλλέως.
1145 1029 1218 1084 Male
1238 1051 1287 1084 re.

230 1126 443 1197 ponit-Heynius
463 1120 515 1190 (Vl
542 1141 568 1193 p.
588 1121 671 1189 262):
702 1119 804 1192 „Atqui
830 1119 851 1172 is
877 1137 933 1172 non
958 1116 1084 1172 audiebat
1106 1117 1290 1185 Nestorem;”

230 1234 294 1268 nam
313 1213 410 1268 Nestor
428 1209 554 1264 Patroclo
573 1228 603 1262 ea
622 1209 747 1274 mandat,
771 1227 841 1279 quae
860 1205 957 1261 Achilli
976 1205 1063 1270 dicat,
1083 1224 1222 1276 quumque
1242 1206 1289 1257 in-

229 1303 270 1355 sra
289 1302 317 1354 in
337 1298 455 1354 Patrocli
473 1298 594 1353 oratione
613 1295 661 1350 hos
679 1315 768 1350 versus
787 1313 901 1368 persona
921 1304 1025 1346 tantum
1045 1305 1145 1348 munta
1162 1294 1289 1346 invenia-

230 1409 291 1442 mus
308 1389 349 1459 (π,
369 1387 404 1443 36
422 1388 512 1460 sqq.),
531 1384 575 1440 hic
593 1385 679 1439 omitti
698 1392 845 1455 nequeunt.
881 1382 1013 1436 Zenodoti
1031 1381 1127 1453 igitur,
1146 1382 1290 1452 repetitio·

230 1497 297 1530 num
315 1476 415 1541 osoris,
439 1474 568 1529 iudicium
586 1493 642 1528 non
662 1473 817 1545 probamus.
860 1469 954 1540 Neque
973 1489 1035 1522 cum
1054 1467 1229 1524 Lachmanno
1248 1471 1287 1540 (11

231 1588 257 1638 p.
275 1565 310 1622 23
328 1567 382 1637 sq.)
400 1575 484 1618 totum
503 1563 592 1618 lucum
612 1583 635 1617 v.
655 1559 797 1630 794τ803
818 1558 887 1612 maie
902 1559 1034 1612 intrusum
1053 1577 1108 1612 esse
1126 1558 1289 1624 iudicamus,

185 1646 189 1650 ⁵
230 1672 311 1726 quam
332 1652 386 1705 iam
404 1650 536 1705 Zenodoti
555 1651 634 1704 fuisse
653 1648 812 1702 sententiam
829 1646 988 1718 suspicatur.

283 1743 329 1806 M,
352 1738 490 1795 tto-tet
509 1749 580 1793 recte
599 1737 676 1790 eiecit
694 1735 865 1798 zenodotus,
883 1734 963 1788 obelo
982 1744 1111 1790 notarunt
1126 1733 1289 1806 Aristopha-

185 1883 188 1888 ,
231 1837 323 1880 necet
341 1825 517 1880 Aristarchus.
563 1824 731 1878 Zenodotum
758 1842 814 1876 non
840 1822 926 1876 soium
946 1822 1168 1877 commemoratio
1186 1823 1289 1878 muita-

230 1932 292 1965 rum
310 1923 449 1984 portarum
468 1923 495 1965 et
512 1912 582 1982 iguis
599 1911 682 1964 muris
696 1911 811 1978 admoti,
836 1911 882 1966 sed
903 1921 974 1964 totus
991 1910 1044 1965 loci
1064 1928 1172 1981 prorsus
1189 1931 1288 1984 super-

230 1998 278 2050 ttui
296 2010 322 2052 et
338 1999 441 2052 molesti
460 1998 536 2052 color
554 2000 664 2053 movisse
693 1998 805 2054 videtur.
845 1997 991 2052 Aristarchi
1017 2009 1174 2069 argumenta
1199 2011 1226 2053 et
1245 2001 1288 2054 Pii

231 2085 415 2140 defensionem
435 2086 492 2140 vide
505 2087 533 2140 iu
545 2086 638 2140 Schoi·
659 2087 692 2142 A.
718 2088 793 2140 Adde
804 2086 936 2140 Wolhum
949 2085 1073 2157 Prolegg.
1092 2106 1118 2157 p.
1132 2084 1288 2143 CCLXXV.

231 2173 366 2245 ileynium
388 2176 423 2228 Vl
442 2196 469 2247 p.
489 2174 542 2230 304
561 2195 601 2248 sq·
638 2174 808 2247 Geppertum
828 2174 840 2227 1
860 2195 887 2245 p.
904 2172 948 2229 35.
992 2167 1195 2228 Lachmannum
1214 2174 1240 2226 tt
1260 2197 1287 2246 p.

233 2263 276 2328 ll,
295 2262 341 2334 qui
360 2263 492 2334 genuinos
510 2283 598 2317 versus
623 2263 663 2317 his
685 2264 782 2334 ineptis
806 2274 833 2316 et
856 2261 975 2318 ridiculis
1001 2262 1107 2316 cessisse
1131 2263 1288 2319 arbitratur.

230 2348 285 2400 Nos
304 2360 387 2404 totam
405 2349 438 2402 de
453 2351 516 2404 Asio
537 2350 718 2404 narrationem
731 2352 816 2406 serius
832 2350 963 2405 adiectam
977 2369 1032 2404 esse
1044 2369 1191 2418 censemus,
1211 2354 1289 2423 quod

231 2436 341 2490 uberius
357 2437 410 2491 alio
431 2437 492 2504 ioco
511 2436 764 2492 demonstrabimus.
806 2469 810 2477 «

285 2511 322 2592 ἲ,
344 2525 651 2580 114Ζοιιοι101ιιιεεοιε
670 2525 768 2593 omisit,
787 2523 978 2597 Aristophanes
995 2538 1022 2580 et
1036 2524 1205 2580 Aristarchus
1218 2547 1288 2599 pro·

231 2612 462 2684 scripserunt²⁵),
489 2632 573 2685 quum
593 2614 702 2667 moleste
720 2613 889 2680 adhaereret,
916 2633 1005 2686 neque
1024 2617 1105 2686 patris
1123 2618 1225 2672 mentio
1243 2621 1288 2672 fa-

232 2701 326 2754 cienda
347 2712 413 2754 esset
430 2712 491 2754 ante
511 2702 633 2756 maiores.
670 2701 757 2755 Bothii
776 2701 896 2755 defensio
914 2721 973 2755 rem
998 2721 1053 2756 oon
1072 2703 1183 2776 attingit.
1226 2705 1288 2758 No-

231 2789 328 2842 vissimi
346 2789 462 2843 editores
480 2807 570 2842 versus
587 2789 692 2860 spurios
709 2810 764 2844 esse
781 2799 962 2861 agnoverunt,
980 2809 1144 2863 quamquam
1161 2793 1287 2866 Spitaner

230 2865 296 2931 dicit
313 2877 341 2929 in
360 2887 503 2948 utramque
522 2888 625 2946 partem
644 2877 772 2948 disputari
791 2897 876 2949 posse.
919 2875 961 2930 Cf.
983 2877 1104 2950 Geppert
1124 2881 1135 2933 1
1154 2900 1179 2952 p.
1197 2881 1229 2936 21
1244 2900 1287 2954 sq.

286 2967 321 3031 Ξ,
340 2963 393 3020 376
409 2983 450 3035 sq.
470 2963 574 3035 optimo
599 2965 657 3018 iure
671 2965 827 3020 zenodotus
845 2966 918 3020 abire
937 2967 1025 3032 iussit,
1052 2969 1240 3039 Aristophanes
1260 2984 1288 3025 et

166 3046 172 3058 ”
232 3051 400 3108 Aristarchus
418 3052 496 3106 obelo
515 3053 695 3108 confoderunt
706 3049 759 3121 ²⁴).
793 3054 975 3109 Aristonicus:
994 3049 1060 3108 Ὅτι
1076 3037 1177 3123 raihtos
1192 3056 1231 3128 μη
1249 3056 1287 3111 eoi

231 3137 266 3197 asi
284 3138 430 3215 ἁρμὸζοντα
446 3137 653 3210 ἀναλαμβάνειν,
681 3137 751 3194 ἄλλο’
773 3141 876 3206 μείζονα
902 3145 938 3202 εἰς
960 3141 1120 3208 ἓμποδισμδν
1143 3150 1192 3215 τῆς
1215 3143 1285 3217 χρή-

284 3396 330 3462 23)
350 3398 379 3450 1η
399 3392 488 3451 Schoi.
509 3397 531 3450 A
553 3398 694 3453 Aristonici
708 3412 805 3474 ,notam
831 3400 957 3471 legimus:
992 3399 1138 3469 Ζηνόδοτος
1162 3402 1191 3451 di
1216 3397 1284 3470 ἤθε’-

232 3489 285 3533 τει,
304 3465 376 3534 nupsi
395 3467 420 3520 δ’
438 3466 617 3538 Ἀριστοφάνει
635 3469 682 3524 otiis
702 3475 740 3541 ἠν,
777 3473 812 3525 ΑΙ
829 3471 962 3525 Zenodoti
981 3481 1007 3524 et
1029 3470 1214 3542 Aristophanis
1233 3491 1288 3524 no·

232 3539 303 3590 mina
325 3539 369 3590 hic
387 3540 497 3594 confusa
524 3561 578 3596 esse
604 3542 768 3597 demonstrat
798 3543 963 3614 comparatio
982 3541 1154 3596 Scholiorum
1174 3549 1204 3610 θ,
1223 3543 1287 3598 385.

233 3611 295 3663 551.
314 3632 332 3674 ι,
352 3608 413 3664 691.
438 3628 461 3676 sc,
481 3610 542 3666 253.
570 3613 594 3675 λ,
616 3614 657 3670 12.
677 3615 737 3670 179.
755 3614 816 3670 356.
836 3615 898 3670 515.
922 3636 950 3676 μ,
973 3613 1031 3668 175.
1050 3617 1071 3678 ἔ,
1092 3612 1154 3668 376.
1173 3634 1201 3681 π,
1220 3613 1286 3682 237,

232 3699 316 3752 quum
335 3680 509 3765 nuilusuextet
526 3681 609 3765 iocus,
630 3705 709 3769 quem
735 3686 909 3770 aZenodoto
934 3684 1013 3768 ohcio
1039 3695 1160 3768 notatum
1180 3687 1287 3769 Aristo-

231 3752 464 3878 iii'.¹¹⁸i.i¹{ii'il
500 3753 1288 3883 itttthttti'ttdttti.tttttttd‘tttttti

231 3847 271 3948 iet
290 3915 392 3948 versum
411 3895 499 3966 ipsum
525 3916 580 3949 nou
607 3897 720 3961 hahere,
749 3919 806 3972 quo
824 3899 976 3970 displiceat,
1004 3899 1049 3950 sed
1075 3867 1118 3951 iic
1137 3917 1192 3952 non
1211 3911 1286 3953 recte
1315 3927 1326 3941 ·

231 3967 310 4033 addi,
335 3966 407 4038 quod
435 3986 546 4033 moneo,
573 3988 607 4020 ne
631 3972 691 4042 quis
709 3969 840 4043 Spitzneri
861 3973 969 4024 notaio
990 3989 1110 4024 errorem
1128 3969 1284 4024 inducatur.

284 4052 330 4120 24)
351 4053 440 4108 schot.
461 4057 499 4108 V:
520 4052 667 4123 Ζηνόδοτος
686 4055 746 4111 odet
766 4061 867 4130 γράφει.
903 4059 932 4112 in
954 4056 1081 4112 schotv
1101 4077 1151 4128 pro
1167 4055 1286 4127 Ζηνόδο-

232 4127 310 4182 ι1οιος
338 4130 480 4195 πηοηθέτει
505 4127 624 4182 restituas
648 4128 795 4200 Ζηνόδοτος
825 4127 885 4184 ouidi
909 4125 1014 4201 γράφει,
1041 4127 1229 4200 Ἀριστοφάνης
1254 4133 1285 4183 di

150 4263 156 4272 ἱ
232 4199 381 4265 πηοηθὲτει.
