2886 4890
650 419 723 496 139

160 609 231 662 sessa
243 573 302 664 esse⁴
313 604 514 673 circumdatam,
533 623 599 672 uno,
618 621 673 677 quo
688 605 833 674 introeant,
849 609 954 666 tramite
972 609 1073 668 relicto.
1112 615 1218 684 Veram„
1255 657 1258 670 .

160 695 497 770 loci'interpretaticnem,
515 693 672 748 iamdudum
692 693 757 748 mihi
775 695 925 766 probatam,
943 699 1057 771 primm,
1077 701 1104 755 ni
1123 703 1210 773 lallor,

162 785 274 856 protulit
292 782 418 839 Clemens
435 785 453 839 l.
469 783 486 838 l.
504 805 532 856 p.
549 782 602 850 24,
627 793 657 836 ut
674 779 714 836 ἐπ’
730 779 814 854 αὐτὴν
832 783 865 838 sit
879 803 930 856 per
948 805 1015 842 eom.
1052 786 1094 843 Cl.
1112 789 1175 844 od..
1187 793 1211 856 l,

161 873 224 928 577.
243 875 265 936 l,
285 872 346 930 120.
404 893 409 901 ·

215 982 254 1045 Σ,
273 976 327 1033 676
346 976 516 1042 zenodotus,
544 987 573 1031 ut
590 976 686 1048 duplex
710 973 783 1047 nupsi
801 978 908 1044 vitaret,
937 980 1088 1035 emendavit
1112 999 1161 1054 pro
1180 976 1213 1035 li-

161 1065 425 1138 brorumsm'pturs
444 1063 515 1135 nepti
535 1065 658 1136 pedulis,
676 1065 710 1118 ah
723 1065 902 1138 Aristophane
917 1069 1046 1132 restituta,
1064 1065 1111 1120 deri
1128 1069 1213 1140 ραδσ-
1328 1113 1331 1127 ,
1439 1039 1440 1076 3

162 1153 216 1209 λόν.
250 1151 287 1208 At
305 1153 385 1207 boves
402 1152 471 1206 iusta
490 1164 629 1208 sonantem
647 1153 757 1208 fluvium
778 1166 943 1226 properants
962 1156 1034 1228 quod
1054 1167 1084 1212 ut
1100 1175 1213 1212 accura-

162 1241 215 1297 tius
240 1239 365 1306 deliniat,
393 1240 466 1294 addit
491 1251 582 1311 poeta,
615 1242 686 1296 iusta
706 1241 805 1297 mobile
823 1242 1014 1298 arundinetum
1033 1245 1073 1312 (in
1097 1257 1213 1300 extrema

162 1327 262 1383 scilicet
279 1327 355 1394 fluvii,
370 1329 444 1400 ripa)
457 1327 508 1397 ⁸²).
559 1357 561 1364 ι

221 1435 259 1499 Y,
278 1431 329 1488 481
350 1451 364 1486 e
383 1431 471 1498 libris,
498 1432 526 1486 ni
545 1431 637 1500 l'allor,
667 1432 740 1488 dedit
758 1429 823 1506 σιρὸς
841 1431 870 1487 θ’
888 1429 986 1504 ipius,
1012 1437 1085 1511 quod
1110 1439 1214 1493 Aristo·

163 1519 265 1594 phanes
283 1532 329 1577 aut
347 1521 512 1576 Aristarchus
533 1522 602 1574 bene
620 1523 735 1574 currerit
753 1519 851 1588 πρόσθ’
865 1519 946 1595 ipius
957 1523 1003 1593 ⁸⁸).

216 1608 342 1682 Denique
363 1610 396 1663 de
414 1608 646 1676 coniunctionibus
665 1609 807 1663 rideamus.

216 1717 259 1784 A,
281 1715 331 1771 106
348 1715 502 1770 Zenodotus
520 1726 592 1770 recte
609 1715 739 1769 librorum
755 1715 916 1788 scripturam
934 1717 1057 1774 retinuit:

272 1803 303 1856 A
307 1807 319 1855 i
335 1807 377 1856 κέν
393 1824 438 1866 μιν
455 1802 620 1866 ἱλασσάμενοι
638 1809 792 1867 πεπίθοιμεν
809 1805 857 1875 (cl.
875 1829 898 1872 e,
921 1805 995 1876 112).

164 1891 345 1947 Aristonicus:
372 1895 479 1946 Γιλσῖον
496 1895 669 1950 decrescentis
687 1893 767 1960 λέγειν
784 1892 830 1946 ris
844 1893 948 1958 μάντιν.
984 1893 1104 1967 lleynius
1120 1895 1170 1963 (lV
1189 1917 1216 1969 p.

164 1981 230 2046 45):
250 1980 303 2048 „At
321 2000 378 2034 non
396 1979 441 2034 ille
460 1980 594 2046 meminit,
618 1980 761 2034 sexcenties
778 1983 810 2032 ni*
824 2002 866 2034 aas
879 2002 935 2041 esse
954 2002 1003 2055 pro
1021 1982 1088 2041 ivu.”
1123 1983 1215 2055 Quum

164 2090 222 2124 non
241 2068 359 2136 videam,
386 2069 450 2142 quid
469 2068 638 2122 Zenodotum
667 2067 701 2121 ad
719 2067 787 2134 τότε,
812 2068 839 2124 in
864 2069 939 2124 libris
956 2092 1007 2144 pro
1024 2074 1056 2124 αἶ’
1069 2074 1216 2142 inventum,

165 2157 366 2212 emendandum
386 2176 557 2211 commovere
574 2155 706 2228 potuerit,
726 2155 785 2209 tire
797 2155 943 2212 Aristarchi
961 2161 1144 2216 coniecturam
1161 2181 1216 2215 esse

165 2258 287 2313 autumo,
306 2264 386 2317 quern
397 2255 423 2298 et
434 2245 563 2300 dubitatio
576 2245 640 2298 satis
654 2254 817 2298 etstructura
832 2243 976 2301 offendisse
988 2248 1099 2303 ridetur.
1125 2251 1167 2300 At
1176 2269 1217 2302 xes

166 2357 230 2392 curn
244 2341 305 2406 πρὶν
323 2329 348 2402 ρ’
366 2363 401 2372 -
414 2329 524 2405 Χρύσην
542 2333 688 2388 arctissime
702 2334 925 2406 coniungendum
938 2346 984 2403 est,
1004 2347 1033 2390 ut
1052 2357 1078 2404 rs,
1099 2335 1134 2393 66
1153 2357 1216 2392 curn

167 2420 195 2484 a.
208 2419 231 2477 ..²
247 2425 321 2476 a...
357 2419 401 2476 cr.
420 2423 444 2510 s,
463 2421 525 2478 rot.
541 2444 569 2489 μ,
589 2421 653 2480 275.
672 2443 704 2506 n,¹
719 2419 781 2479 725.
802 2441 827 2495 ρ,
847 2421 910 2480 692.
928 2441 953 2492 a,
974 2421 1085 2496 14304).
1107 2425 1167 2483 soa.
1187 2445 1217 2495 ω,

220 2659 270 2728 82)
287 2658 457 2712 Zenodotum
475 2653 522 2711 ded
539 2654 655 2724 indulip
679 2656 813 2728 scripsisse
831 2653 922 2722 Schol.
939 2655 962 2709 A
981 2655 1075 2720 tradit:
1101 2656 1217 2712 formam

166 2729 284 2803 (indultis
302 2730 445 2804 tinemut.
474 2750 501 2802 p.
520 2729 587 2793 tol,
606 2729 658 2796 52,
683 2725 815 2795 upudulir
842 2729 907 2794 (nisi
930 2725 1046 2798 pradalia
1072 2728 1217 2800 legendum

167 2806 220 2870 est)
239 2802 330 2858 schot.
347 2803 385 2870 B,
404 2799 515 2870 gindusdr
531 2801 622 2862 Schol,
646 2802 674 2854 in
694 2801 815 2856 Crameri
833 2800 939 2859 Anecd·
959 2799 1008 2854 Os.
1026 2799 1037 2852 Ι
1056 2821 1082 2872 p.
1101 2801 1154 2858 290
1178 2801 1219 2854 ei-

167 2876 230 2928 dem
250 2875 350 2929 tribuit.
387 2874 466 2944 Quae
479 2872 647 2928 Aristarchea
665 2873 745 2926 suerit
763 2873 850 2939 ¹sorrua
869 2872 916 2942 (de
932 2871 1130 2944 praepositione
1147 2870 1218 2946 nupsi

169 2967 225 3000 non
251 2947 373 3014 dubito),
403 2944 545 2999 nescimus.
587 2943 804 3016 Etymologicum
831 2939 947 3014 §adpulit
969 2943 1115 3000 Aristarchi
1140 2944 1219 2998 luisse

167 3018 263 3082 tradit,
295 3017 368 3090 quod
402 3036 486 3090 quum
513 3027 672 3086 corruptum
700 3035 756 3069 esse
781 3026 896 3068 metrum
922 3014 1061 3083 ostendat,
1085 3015 1220 3088 Georgius

168 3087 303 3144 Arnaldus
320 3087 426 3160 p‘udrvir
442 3089 489 3154 (cl.
508 3086 637 3158 Apollon,
655 3087 704 3142 les.
723 3107 748 3159 p.
768 3086 835 3154 583)
853 3086 981 3150 coniecit,
1011 3086 1131 3158 lleynius
1148 3105 1220 3154 sero,

167 3163 213 3216 cui
231 3161 345 3225 accedo,
364 3158 475 3230 ῥοδανδν
493 3159 636 3213 Aristarchi
655 3158 735 3212 luisse
754 3158 817 3210 sidit
836 3157 899 3223 (Vll
918 3177 944 3229 p.
963 3156 1035 3222 556).
1072 3157 1113 3210 Cl.
1132 3156 1220 3228 spin-

169 3253 229 3286 ner.
264 3233 415 3304 Utramque
435 3232 566 3294 formam,
589 3243 615 3285 et
633 3225 750 3300 indultis
768 3239 794 3282 et
812 3229 936 3296 induvia,
962 3227 1023 3280 libri
1042 3226 1163 3280 habuisse
1181 3229 1220 3281 si-

169 3305 277 3358 dentur.
313 3304 367 3357 Alii
383 3299 508 3355 'Podurir
526 3301 597 3355 lluvii
619 3320 717 3354 nornen
737 3310 915 3370 acceperunt,
941 3299 987 3351 ubi
1006 3309 1080 3352 certo
1099 3298 1151 3353 dici
1171 3319 1220 3352 ne-

169 3377 238 3449 quit,
257 3375 395 3448 quomodo
413 3377 529 3442 δονακῆα
547 3373 738 3439 intellexerint,
758 3371 801 3424 alii
818 3370 888 3424 mire
902 3371 1127 3440 ῥοδανονδοσσκῆα
1144 3389 1221 3424 com-

170 3448 288 3520 positum
306 3457 451 3520 putarunt,
470 3445 723 3518 quodsignisrcaret
742 3439 968 3509 ἰσχνοκαλαμώδη.
1003 3443 1134 3511 Aeneades
1150 3461 1222 3496 non-

170 3519 252 3586 nulli,
276 3529 305 3574 ut
330 3520 446 3587 πεσκῆεν.
483 3517 526 3571 Cl.
543 3515 659 3572 Loheclr.
681 3515 783 3586 Phryn.
810 3533 835 3585 p.
856 3511 907 3569 166
925 3532 985 3585 sqq.
1028 3513 1058 3566 ln
1083 3514 1221 3570 codicibus

171 3591 329 3647 Vindobon.
348 3601 374 3644 et
393 3588 458 3642 olim
478 3587 558 3660 vulgo
577 3588 716 3660 legebatur
727 3591 786 3657 περὶ
804 3582 924 3658 poderis,
943 3584 1016 3656 quod
1036 3605 1120 3656 quum
1135 3585 1221 3640 llum·

170 3661 476 3730 holdtiurnolleuderet,
494 3661 531 3714 de
540 3661 689 3732 composito
701 3654 1080 3729 nsprpiduroscogitarit(opp.
1093 3659 1118 3710 V
1127 3677 1153 3730 p.
1164 3659 1222 3728 tu).

143 3805 148 3812 -
224 3763 274 3834 83)
292 3763 385 3820 Schol.
403 3767 443 3818 V:
468 3762 616 3836 Zpridoroc
637 3768 718 3834 χωρῖς
741 3765 790 3815 τοῦ
818 3760 848 3828 d,
873 3758 958 3832 πρδς
981 3759 1093 3832 ipsine.
1149 3761 1222 3834 Πρδς

171 3835 296 3910 Spitaner
313 3835 395 3892 recte
405 3836 507 3892 dedisse
526 3837 629 3890 videtur
648 3855 698 3908 pro
724 3831 799 3904 πρσσ’
817 3831 945 3901 Belleri,
971 3835 1021 3888 nisi
1044 3835 1114 3902 forte
1133 3833 1224 3903 upono'

170 3909 202 3976 (ἰ.
222 3929 245 3960 e.
265 3908 381 3978 πρόσσω)
398 3909 568 3964 Zenodotum
587 3907 637 3962 'sihi
657 3908 806 3978 permisisse
824 3905 923 3960 statuis.
958 3906 1008 3973 At,
1029 3925 1113 3976 quum
1132 3905 1222 3958 Zeno»
1242 3906 1249 3918 “

171 3981 267 4034 dotum
292 3999 397 4033 versum
423 4000 438 4034 a
462 3980 526 4052 npic
551 3976 632 4053 σ’ρὸων
657 3977 782 4052 incipisse
808 3977 846 4030 ris
864 3975 988 4046 credam,
1019 3996 1082 4029 eum
1106 3974 1170 4047 πρός
1195 3975 1224 4030 θ’

171 4047 255 4124 ipius
274 4052 376 4106 dedisse
394 4053 523 4124 suspicor.

121 4189 124 4194 ·
225 4157 276 4227 81)
294 4157 482 4226 Aristarchus,
504 4158 547 4213 hic
573 4177 628 4212 non
655 4158 757 4222 minus,
785 4174 865 4227 quarn
885 4161 976 4213 norbo
993 4148 1071 4218 loco,
1101 4149 1129 4203 in
1154 4152 1224 4210 uiues

67 4261 73 4272 ·
173 4229 300 4297 haerens,
320 4229 424 4302 scripsit
442 4226 603 4302 ἀγορεύσατ’.
641 4229 686 4287 ct.
704 4247 785 4300 supra
799 4247 821 4282 c.
841 4226 886 4278 lV.
