2886 4890
724 414 797 487 140

242 601 301 658 166.
319 601 438 674 Heynius
456 601 492 653 tv
512 621 537 672 p.
559 601 609 656 174
627 619 687 674 sqq·
709 602 733 651 V
752 619 778 672 p.
800 599 850 656 175
864 611 907 672 sq.
943 599 1084 672 Optatirus
1101 613 1172 657 recte
1190 623 1218 656 se
1238 603 1288 656 ha-

238 691 291 754 bet,
310 708 394 761 quum
413 687 546 758 Apollinis
564 687 757 759 indulgentiam
776 687 1042 760 Chryseide‘rcddita
1061 691 1221 763 sperandam
1241 711 1289 744 ra·

238 789 277 830 tes
292 777 383 830 animo
401 775 450 829 sibi
470 777 577 847 cogitet.
614 775 655 830 ct.
674 775 875 852 Bseumieimi.
893 775 910 830 Ι.
929 797 956 848 p.
974 776 1028 832 ³34
1045 797 1115 849 sqq.¹

288 868 327 932 A,
350 863 400 919 163
414 864 569 918 Zenodotus
580 885 630 937 pro
650 861 742 917 δυνάτ’
759 865 830 919 dedii
849 861 906 917 οὐδ’
924 859 972 931 iir',
991 866 1064 937 quod
1078 867 1111 922 ,iu
1130 863 1205 920 libris
1223 885 1287 918 eum

237 953 366 1008 invenisse
384 964 462 1026 puto,
481 972 566 1024 quum
585 972 708 1020 causam,
726 972 776 1006 cur
794 947 888 1010 dnnir‘
906 953 1059 1020 mutaverit,
1079 971 1135 1006 non
1153 964 1289 1024 exputern.

236 1041 404 1096 Aristonicus
434 1041 542 1112 quidem
567 1040 648 1095 dicit:
671 1037 794 1109 'Hynipss
818 1043 865 1108 δέ,
889 1033 931 1092 ὅτι
954 1037 1084 1108 ἤλλακται
1102 1038 1133 1092 nd
1156 1041 1205 1107 ἕχον
1226 1039 1288 1094 ἀντὶ

235 1132 284 1182 τοῦ
300 1131 383 1196 ἴσχον,
402 1129 447 1182 sed
466 1129 515 1195 ἕχον
534 1127 577 1184 bio
592 1129 627 1180 de
644 1127 806 1182 istura'dici
825 1127 930 1182 actione
944 1128 1114 1183 Zenodotum
1133 1129 1201 1182 benc
1222 1147 1288 1198 per·

235 1217 347 1289 sperisse
364 1217 469 1284 iudico,
486 1216 559 1270 unde
577 1217 611 1270 de
629 1215 690 1270 ioco
708 1215 878 1270 emendando
897 1216 935 1270 rix
953 1217 1071 1289 cogitare
1088 1217 1184 1289 potnit.
1218 1213 1288 1270 ‘Osr-

236 1303 295 1357 mir'
317 1323 411 1358 eorum
438 1304 594 1358 coniectura
619 1304 699 1358 fuisse
723 1304 844 1371 ridetur,
871 1303 918 1375 qui
944 1316 1007 1360 cu'm
1032 1305 1163 1360 veteribus
1188 1303 1287 1375 Τρώων

235 1394 391 1462 πτολίεθρον
410 1412 466 1446 non
484 1392 518 1445 de
534 1392 591 1464 ipsu
603 1392 707 1459 Trois,
732 1391 777 1446 sed
796 1393 829 1446 de
848 1393 915 1460 urbe
935 1393 1051 1464 quodam
1068 1392 1187 1455 Troiana
1204 1392 1287 1447 intei-

235 1481 365 1534 lexerunt·
403 1477 444 1532 Cf·
462 1482 490 1548 d,
509 1481 534 1534 4.
554 1486 585 1548 θ,
604 1480 646 1538 52.
666 1483 688 1548 i,
705 1482 766 1538 251.
809 1482 852 1535 De
871 1481 938 1534 urbe
956 1479 1074 1534 Troiana
1097 1480 1200 1536 nudum
1220 1502 1286 1533 πτο·

235 1571 341 1640 λίεθρον
350 1569 483 1622 Homerus
501 1569 612 1623 dixisset.
650 1567 693 1622 Cs.
711 1575 738 1638 β,
756 1568 818 1626 228.
855 1569 923 1622 Vide
941 1587 1021 1640 supro
1041 1587 1064 1623 c.
1076 1568 1112 1620 iV
1130 1568 1162 1620 ad
1183 1590 1210 1634 a,
1225 1569 1287 1624 129.

287 1662 321 1726 Β,
343 1658 391 1714 161
411 1658 493 1728 (adde
514 1659 571 1713 177.
590 1659 621 1723 δ,
643 1657 716 1724 174.)
738 1657 893 1710 Zenodotus
910 1653 1027 1726 Ἀργείην
1051 1652 1082 1708 θ’
1096 1651 1212 1725 Ἑλένην,
1239 1652 1287 1708 oris

233 1749 272 1816 ιη’
289 1751 436 1816 συνδέσμῳ,
454 1746 542 1818 inquit
561 1745 740 1812 Aristonicus,
767 1739 832 1797 ὥστε
849 1739 913 1796 εἶναι
934 1745 1154 1814 propinavimus
1171 1750 1218 1796 sut
1238 1743 1287 1797 σών

234 1836 319 1904 τούτῳ
336 1833 385 1903 τήν
402 1831 517 1903 ‘Eidem‘
545 1831 577 1886 ori
595 1835 661 1900 λέγει
678 1835 707 1886 di
722 1827 820 1901 οὕτως,
850 1829 908 1885 n'tt’
926 1830 1009 1901 αὐτην
1031 1826 1079 1904 τήν
1096 1827 1198 1902 Ἑλένην
1218 1829 1284 1884 unri-

231 1921 312 1993 χημίι.
354 1921 534 1989 coniunctio,
561 1921 668 1974 alibris
685 1905 795 1974 ‘tortasse
814 1915 939 1993 accepta,
964 1922 1015 1976 nisi
1033 1921 1214 1994 explicativam
1232 1940 1285 1996 po·

234 2021 354 2065 testatem
372 2011 396 2064 ei
416 2010 533 2077 tribuas,
549 2009 638 2064 iocum
658 2007 756 2064 babere
778 2011 880 2082 nequit.

285 2101 323 2168 B,
343 2099 568 2175 5¹19Zenpdotus
588 2097 712 2152 etaltera
731 2097 876 2152 Aristarchi
894 2099 988 2152 editio:

434 2186 573 2252 Κυδιᾶων,
592 2189 696 2240 πᾶσιν
714 2190 749 2240 δὲ
765 2191 921 2256 μετέπρεπεν
939 2183 1077 2256 ἡρώεσσιν,

232 2276 277 2330 ubi
293 2261 374 2348 rnigo
390 2269 434 2328 δ’τι
453 2277 527 2331 πᾶσι.
559 2274 744 2329 Zenodoteum
764 2295 819 2327 non
840 2275 974 2346 improbat
992 2275 1137 2348 Didymus,
1152 2261 1284 2333 monens:

229 2359 269 2415 ‘H
281 2359 331 2434 μώρ
351 2366 424 2416 αἰτία
442 2365 491 2415 τοῦ
505 2365 656 2433 διαπρέπειν
674 2361 721 2416 διώ
739 2365 787 2415 τοῦ
804 2363 859 2434 ἕξῆς
879 2359 1053 2429 αἠσδιδοτσι,
1083 2359 1189 2417 οὕνεκ’
1210 2363 1283 2435 ἄρι-

232 2472 311 2511 στος
329 2453 395 2522 7ἠν,
415 2447 499 2504 notri
516 2454 552 2506 rt
565 2448 945 2519 πλιίστουςώμελσοώς.
967 2451 1135 2506 Aristarchus
1147 2453 1174 2506 in
1189 2453 1284 2525 priore

230 2541 348 2595 editione
366 2559 428 2594 cum
447 2540 588 2595 Zenodoto
606 2543 683 2594 πᾶσιν
710 2543 739 2593 δὲ
756 2541 903 2610 recepisse,
928 2541 956 2592 in
977 2540 1058 2594 alters
1084 2533 1125 2592 ὅτι
1141 2543 1220 2593 πᾶσιν
1237 2562 1284 2596 re·

230 2627 348 2700 posuisse
365 2627 477 2682 ridetur.
511 2627 635 2681 Κυδώσν
653 2628 703 2696 (σ1.
722 2625 751 2693 ζ,
770 2627 832 2684 509.
857 2649 886 2696 ρ,
903 2627 967 2696 266)
996 2639 1022 2682 et
1047 2625 1220 2697 κώδεϊρσίοιν
1240 2635 1283 2698 (ιι,

230 2715 292 2771 105.
318 2735 344 2783 ε,
363 2715 426 2771 906.
453 2721 490 2783 θ,
508 2716 552 2770 51.
577 2718 601 2781 t,
618 2715 666 2780 81)
689 2735 796 2786 semper
819 2715 939 2770 absolute
966 2728 1122 2788 ponuntur,
1149 2731 1179 2772 ut
1205 2721 1282 2774 nnita

230 2803 420 2857 enunciatione
444 2822 551 2857 causam
575 2803 712 2857 indicante
730 2801 906 2870 definiantur,
938 2817 1018 2878 atque
1046 2805 1151 2859 ἐδύσετο
1174 2806 1281 2872 νώροπα

227 2887 325 2958 poinde
343 2891 376 2944 ad
397 2890 602 2962 descriptionem
623 2891 833 2964 Agamemnonis
859 2909 913 2946 non
938 2893 1050 2960 sufficit,
1077 2915 1145 2966 quae
1167 2895 1282 2966 pulchre

229 2989 343 3050 angetur
359 2978 406 3030 iiio
423 2981 501 3032 πᾶσιν
519 2981 549 3031 n
565 2983 720 3048 prztopmsr
738 2975 870 3050 ἡρώεσσιν.
916 2981 985 3038 Hinc
1002 2983 1188 3040 Zenodoteum
1215 3006 1284 3042 cum

229 3067 370 3140 Spitrnero
389 3076 416 3120 et
435 3067 537 3139 Langio
556 3068 605 3136 (tlt
625 3089 650 3140 p.
671 3068 717 3137 14)
736 3069 860 3140 praefero
875 3069 926 3140 ⁸⁵).

282 3175 320 3240 Θ,
339 3171 392 3228 213
410 3172 565 3227 Zenodotus
583 3184 656 3228 recte
675 3194 689 3227 e
708 3171 784 3227 libris
803 3175 924 3247 scripsit:

326 3316 329 3328 ,
413 3267 470 3314 Teis
488 3255 548 3314 ἴσον
564 3265 591 3314 δν
609 3265 676 3332 νηῶν
694 3265 737 3314 roi
756 3259 861 3333 πύργων
875 3259 974 3336 τάφρος
992 3266 1088 3336 ἔεργεν,

225 3361 376 3423 „quantum
395 3350 459 3404 inde
486 3352 630 3408 anavibus
654 3363 681 3406 et
707 3352 824 3406 turribus
847 3353 917 3408 torsa
943 3354 1054 3420 (sciticet
1072 3375 1157 3426 usque
1177 3356 1209 3410 ad
1231 3377 1280 3410 ur-

227 3439 303 3506 bem)
321 3437 463 3504 includit”3
481 3457 558 3503 nrm,
577 3452 607 3495 ut
623 3440 792 3494 intervallum
812 3440 909 3495 clarius
927 3443 1019 3496 animo
1036 3456 1179 3516 proponat,
1198 3459 1278 3518 poeta

227 3527 358 3600 significat
382 3527 479 3580 fossam
502 3547 588 3600 prope
614 3549 693 3582 nares
710 3549 860 3602 eorumque
882 3531 1096 3598 munimentum,
1119 3544 1206 3588 turres
1228 3537 1279 3601 (ci.

228 3613 444 3684 ξ,55)’,1υἰννε.
488 3616 670 3686 Aristarchus,
697 3637 782 3690 quum
808 3631 893 3674 turres
918 3631 944 3675 et
965 3640 979 3674 s
998 3621 1110 3674 naribus
1129 3633 1154 3678 et
1172 3644 1186 3678 a
1205 3626 1277 3680 fossa

237 3763 298 3774 -u—

278 3850 529 3924 85)Heynius(1V
553 3874 578 3925 p.
597 3851 674 3922 328):
700 3855 811 3924 „Malim
831 3856 1001 3911 Zenodotum
1028 3876 1135 3911 causam
1159 3857 1277 3912 attulisse

226 3921 322 3997 miserti
341 3923 396 3988 sni;
422 3924 640 3995 quandoquidem
668 3938 780 4000 uterque
804 3949 891 3992 vprsus
910 3929 1145 4000 interpolationem
1165 3929 1276 3997 redoiet,

226 3996 316 4048 saitem
335 3994 470 4051 alteruter.
506 3995 576 4048 Tum
595 3997 702 4051 insuave
720 4012 757 4053 est
777 4001 918 4071 repetitum
943 3995 985 4053 ’δτι
1003 4029 1037 4040 -
1056 3991 1169 4052 οὕνεκα)
1214 4004 1276 4054 mz-

225 4086 265 4119 σιν
283 4070 312 4118 dt
332 4067 468 4120 meliorem
482 4067 545 4120 dicit
563 4069 731 4140 scripturam,
748 4073 896 4126 dummodo
914 4093 969 4125 nnn
989 4092 1003 4126 a
1024 4073 1191 4125 correctione
1211 4093 1277 4142 pro-

149 4169 155 4174 ·
226 4140 294 4191 fecta
314 4138 354 4190 sit.
392 4137 474 4206 Quod
493 4138 625 4210 Didymus
643 4141 738 4196 refert:
763 4139 874 4206 Ὁμοίινς
899 4146 928 4197 n
946 4149 990 4198 καὶ
1008 4140 1155 4215 Ζηνόδοτος
1172 4145 1275 4215 γράφει,

225 4209 359 4262 immerito
380 4221 454 4281 putat
472 4221 571 4266 temere
590 4212 722 4268 adiectum
742 4234 805 4271 esse.
1039 4241 1043 4250 ·
1261 4227 1264 4236 '
