2880 4888
642 419 701 492 ,47
750 371 757 382 ’

149 615 267 678 spectam
288 603 410 671 haberet,
429 603 573 658 certissime
593 603 774 660 adfirmamus.
818 605 949 662 Subtilior
967 611 1039 666 enim
1059 615 1203 671 verborum

150 691 416 768 interpretandorum
434 692 590 764 disquisitio,
609 711 623 744 a
642 693 783 746 Zenodoto
802 693 840 747 ris
859 695 995 765 inchoata,
1020 701 1206 774 Aristophanis

149 781 239 850 studio
270 793 413 853 provecta,
444 782 477 834 ab
496 780 651 834 Aristarcho
680 780 789 834 demum
818 783 869 850 ita,
897 797 926 840 ut
951 787 1110 861 plerumque
1130 803 1205 846 certo

149 870 327 924 fundamento
347 870 393 922 niti
414 868 558 933 videretur,
579 879 622 921 est·
636 869 763 941 perlectas
800 869 879 939 Quae
897 893 959 928 vero
977 879 1084 948 propria
1103 878 1204 934 llome-

151 959 271 1012 ricorum
292 959 442 1012 carminum
461 977 518 1021 ars,
549 957 613 1028 quid
634 969 710 1027 poeta
736 958 864 1029 dignum,
892 962 956 1038 quid
982 964 1140 1036 indignum,
1169 988 1204 1022 ne

149 1045 298 1100 Aristarchi
324 1047 433 1120 quidem
457 1045 596 1116 ingenium
616 1063 676 1098 rere
695 1045 835 1113 intellesit,
868 1051 915 1120 qui
940 1052 1030 1105 sobrio
1049 1053 1203 1127 ieiunoque,

150 1155 207 1206 quo
226 1135 359 1199 excelluit,
389 1135 488 1187 iudicio
514 1133 599 1186 mul-ta'
617 1133 725 1206 quidem
744 1153 759 1186 a
778 1133 909 1190 Zenodoti
931 1138 1101 1214 aliorumque
1118 1143 1204 1198 licen-

149 1224 202 1289 tia,
229 1224 340 1278 audacia
366 1235 392 1277 et
411 1222 559 1277 temeritate
577 1223 645 1275 bene
665 1223 826 1289 vindicarit,
850 1226 895 1278 sed
915 1227 942 1279 in
962 1227 1020 1291 aliis
1037 1230 1122 1304 iisque
1140 1251 1203 1303 gra-

149 1312 261 1366 vissimis
279 1312 374 1376 rebus,
398 1331 481 1383 quum
501 1311 659 1366 Homericae
677 1311 769 1365 aetatis
793 1324 874 1383 atque
892 1314 956 1368 artis
973 1318 1103 1372 rationem
1123 1322 1205 1391 igno·

149 1411 238 1466 raret,
259 1401 364 1472 egregie
383 1401 487 1452 errarit.
525 1399 579 1451 lam
595 1395 759 1470 Apollonius
777 1400 830 1464 (de
845 1413 944 1455 constr.
961 1404 980 1471 l,
998 1405 1016 1461 2
1034 1427 1061 1478 p.
1080 1407 1204 1472 5).recte
1253 1423 1255 1428 ’

150 1489 351 1544 animadvertit:
370 1491 459 1548 Φαμὶν
476 1488 506 1538 δι’
523 1507 552 1552 ra
573 1491 616 1538 καί
634 1486 725 1553 λόγους
742 1492 806 1540 nori
817 1493 952 1559 anoliam
965 1487 1031 1563 nptic
1049 1493 1124 1548 aridis
1141 1517 1202 1550 ουν.

148 1586 290 1641 τείνοντας,
309 1581 334 1628 si'
348 1596 376 1642 ys
395 1577 497 1633 ultione
516 1570 654 1644 ἀθετήσεις
673 1569 715 1625 tin’
732 1571 908 1644 Ἀριστάρχου
925 1574 973 1631 dni
990 1580 1052 1640 roric
1069 1582 1204 1640 τοιούτους
1311 1627 1317 1642 ,

147 1665 262 1732 τρόπους
281 1669 394 1730 ἓγίνονοο
410 1663 462 1730 ⁶⁷).
508 1662 640 1715 Luciacus
659 1663 738 1728 (Ver.
757 1649 822 1716 Hiit.
842 1663 874 1728 ll,
900 1665 947 1731 20)
971 1667 1040 1720 ridet
1057 1674 1110 1720 τῶν
1135 1665 1203 1730 α’μςί

147 1751 194 1804 τδν
211 1752 358 1823 Ζηνόδοτον
376 1756 420 1803 καὶ
436 1748 609 1820 Ἀρίσταρχον
625 1758 813 1820 γραμματικῶν
837 1750 936 1822 nolitis
960 1749 1009 1824 τήν
1025 1759 1202 1826 compulerint

147 1840 176 1893 in
194 1839 499 1893 llomeroemendaodo
519 1839 698 1911 conspicuam.
722 1839 881 1894 vAristarchi
901 1861 1006 1912 errores
1026 1844 1157 1911 Lebrsius,
1175 1846 1201 1900 in

150 1927 234 1981 buius
247 1927 369 1982 laudibus
388 1929 553 1992 uberrimus,
573 1947 628 1980 non
648 1925 757 2000 quidem
777 1939 857 1999 nogat
875 1929 921 1991 (cl.
942 1949 959 2001 p
979 1927 1056 1998 351),
1072 1932 1117 1984 sed
1137 1951 1201 1998 non,

150 2019 248 2090 quibus
271 2015 377 2083 debuit,
406 2017 532 2088 exemplis
556 2015 811 2085 demonstravit⁶⁸),
840 2030 870 2071 ut
896 2016 963 2073 iuste
987 2019 1019 2073 de
1045 2021 1200 2076 criticorum

149 2105 272 2178 principe
292 2105 422 2159 diudicari
444 2115 539 2174 posset.

150 2235 432 2246 Ἣ..-

204 2303 254 2368 67)
274 2303 382 2367 Versus,
403 2303 448 2372 qni
471 2299 621 2354 Aristarcho
640 2303 819 2372 ααρίλκοντος,
838 2307 968 2368 περισσοί,
987 2300 1032 2356 oris
1058 2300 1202 2370 ἀναγκαῖοι,

150 2373 316 2439 διασολᾶγοι,
334 2371 489 2436 ταυτολᾶγοι
509 2373 679 2439 videbantur,
700 2374 779 2429 obelo
800 2376 907 2428 ttolavll.
944 2373 986 2427 Cf.
1006 2374 1097 2430 schol.
1116 2397 1141 2440 α,
1159 2377 1225 2432 94.-

151 2447 212 2501 174.
227 2444 329 2511 7,’311.
348 2468 365 2510 ι,
386 2445 430 2498 dl.
450 2467 473 2506 κ,
492 2444 553 2499 240.
571 2467 593 2509 ν,
612 2443 673 2500 350.
688 2465 721 2507 n,
740 2445 801 2501 261.
820 2467 846 2508 τ,
865 2445 926 2502 116.
943 2465 975 2510 ψ,
996 2447 1057 2502 179.
1078 2468 1106 2512 u,
1124 2446 1171 2502 86.
1203 2479 1205 2486 v

204 2531 254 2594 68)
274 2529 408 2586 Nonnulla
430 2531 501 2600 pravi
523 2531 612 2590 iudicii
636 2531 797 2586 documenta
823 2533 921 2588 addere
941 2533 1012 2588 libet.
1060 2536 1158 2589 Versus
1176 2557 1202 2602 α,

147 2601 254 2659 29-31
277 2603 437 2673 proscripsit.
475 2601 594 2673 Chrysen
613 2603 685 2656 enim
705 2606 856 2674 gavisurum
875 2605 963 2670 luisse,
984 2605 1004 2656 si
1018 2605 1202 2675 Agamemno·
1223 2653 1224 2656 ,

149 2694 211 2727 nem
231 2673 283 2726 filia
303 2684 476 2744 sequeretur,
504 2685 583 2746 atque
602 2691 655 2727 esse
674 2673 785 2744 αόιρετὶς
803 2675 835 2728 ed
854 2674 900 2726 cir
918 2673 1095 2740 Ἀγαμέμνονα
1114 2683 1199 2730 ταῦτα

148 2749 237 2810 λίγεια.
281 2743 350 2812 Quis
376 2745 521 2814 perversius
546 2745 664 2800 iudicare
689 2748 811 2818 poterat?
848 2746 900 2799 cf:
916 2746 1034 2818 lleynius
1051 2748 1089 2800 lV
1114 2769 1139 2820 p.
1161 2751 1201 2806 19.

148 2823 180 2880 Γ,
201 2815 343 2871 198-110
362 2815 537 2878 α’(ίότοῡνται,
560 2809 601 2868 b‘rs
627 2815 754 2884 dnoloys'o
779 2824 850 2870 lorii
866 2813 934 2885 ulra
955 2815 1018 2888 rinlp
1044 2826 1095 2870 τῶν
1114 2841 1200 2886 παρα-

147 2885 250 2953 βάντων
273 2889 441 2956 Πριαμιδῶν,
470 2887 515 2940 ubi
543 2900 615 2942 recle
634 2889 752 2961 lleyttlus
778 2890 827 2955 (lV
856 2909 881 2962 p.
900 2889 965 2944 dil:
994 2888 1098 2955 „Obliti
1124 2904 1200 2946 eranl

149 2959 196 3012 riri
215 2959 286 3012 docti
307 2979 354 3018 usu
373 2959 504 3012 sermonis
532 2957 583 3014 hoc
601 2961 702 3032 ubique
727 2955 841 3030 baberi,
868 2971 895 3014 ut
913 2961 946 3013 de
965 2979 1013 3028 eo,
1043 2963 1123 3034 quod*
1142 2965 1199 3032 ple-

148 3049 260 3100 rumque
278 3029 322 3094 srt,
341 3029 432 3082 dicere
447 3031 592 3095 soleamus,
612 3051 733 3103 semper,
757 3037 824 3098 αίιί,
853 3033 879 3085 id
898 3031 995 3084 fieri.”·
1015 3037 1046 3094 Γ,
1064 3033 1118 3090 352
1138 3034 1201 3086 Ari·

148 3101 284 3155 starehum
302 3102 431 3166 offendit,
450 3101 521 3172 quod
541 3106 618 3154 δίον
638 3101 751 3173 α’καίρως
771 3099 928 3161 ἆΜςνὶλαος
946 3101 992 3154 adr
1010 3102 1106 3174 ἰχθρδν
1125 3107 1199 3170 λίγα,

147 3173 298 3244 similesque
315 3169 463 3242 α’θιτὴσιοις
482 3191 573 3225 causas
587 3175 708 3227 invenies
723 3196 750 3240 χ,
769 3171 822 3228 393
841 3193 880 3246 sq.
899 3185 924 3226 et
943 3191 972 3236 ψ,
991 3173 1053 3228 581.
1098 3175 1200 3231 ll'ector

146 3265 173 3298 re
192 3245 279 3316 ipsum
299 3247 357 3296 δίον
375 3243 497 3308 nominat
516 3264 540 3310 ρ,
555 3243 602 3310 75,
633 3264 721 3316 neque
741 3245 873 3299 llomerici
902 3244 994 3296 hernes
1013 3242 1126 3296 hostium
1147 3245 1199 3296 vir·
1260 3253 1267 3270 ¹

147 3327 215 3372 tutes
238 3333 385 3387 agnoscere
409 3315 564 3366 detrectant.
602 3313 770 3378 cf.t‚123.
797 3315 862 3379 138,
888 3315 934 3366 ubi
951 3313 1106 3366 zenodotus
1131 3316 1200 3368 male

146 3388 304 3440 emendarit.
342 3387 371 3438 ln
391 3385 444 3438 alio
462 3384 578 3456 epitheto
597 3405 652 3437 non
671 3387 756 3454 magis
774 3399 844 3439 recte
864 3385 945 3437 haesit
964 3405 992 3448 u»,
1013 3383 1074 3438 331.
1095 3390 1126 3446 Γ,
1146 3385 1198 3444 395

145 3459 259 3530 legimus
278 3457 421 3510 Aristarchi
441 3456 649 3509 dubitationem:
680 3459 743 3515 Πίος
760 3451 810 3525 γιίρ
837 3453 951 3524 ἡγραίρ
973 3460 1108 3526 είιαομίνρ
1126 3477 1199 3528 πορι-

146 3532 241 3582 antlia
260 3528 348 3595 δαρήν
368 3524 417 3594 εἶχε
437 3533 481 3579 καί
498 3526 604 3589 ὄμματα
622 3536 805 3606 μαρμαίροντα
824 3533 867 3580 καί
886 3524 987 3594 στὴθοα
1004 3526 1151 3596 ἱμερόεντα,
1171 3542 1197 3585 et

146 3620 215 3674 quac
233 3601 332 3653 ibidem
353 3619 374 3650 r.
394 3599 446 3654 406
465 3619 503 3672 sq.
523 3600 662 3669 leguntur,
683 3599 706 3652 ei
724 3596 867 3668 βίιὶαφρμα
886 3599 936 3651 risa
956 3609 1026 3651 sunt.
1061 3597 1103 3653 Cf.
1124 3601 1195 3674 lley-

146 3674 207 3726 nius
224 3672 259 3724 lV
280 3693 304 3741 p.
317 3671 369 3726 534
379 3689 418 3744 sq.
457 3674 555 3724 Versus
574 3693 594 3733 ε,
607 3670 669 3737 906,
689 3673 734 3743 qui
751 3671 928 3724 necessarium
948 3672 1094 3724 narrationi
1113 3672 1194 3727 finem

145 3743 274 3814 imponit,
301 3754 424 3805 notatur,
452 3735 493 3794 iim
511 3741 607 3794 tironos
623 3747 665 3794 tat
689 3745 726 3810 τῷ
746 3739 818 3794 arion
834 3743 945 3812 γαυριᾶν
962 3737 1008 3792 τᾶν
1027 3737 1197 3813 οἷαδθνρτοῦ

145 3811 298 3884 ἤτορμίιοι.
347 3812 391 3868 Cl.
409 3814 528 3886 lleynius
548 3816 569 3867 V
589 3834 614 3886 p.
636 3814 695 3868 l'l2.
715 3839 718 3844 ¹
747 3815 845 3867 Versus
864 3820 894 3879 θ,
913 3811 964 3869 371
985 3833 1023 3884 sq.
1042 3833 1055 3865 a
1075 3813 1195 3870 Minerva

143 3889 210 3942 irata
230 3899 255 3940 et
273 3885 406 3941 lunonem
423 3886 565 3957 instigante
584 3885 716 3956 aptissime
735 3886 837 3940 additos
856 3886 961 3951 reiecit,
985 3903 1111 3940 monens:
1141 3884 1196 3938 Oris

143 3961 196 4011 ἴδοι
220 3953 288 4010 attrei
306 3962 382 4026 μέρος
399 3954 580 4026 διηγήσασθαι
598 3960 642 4007 καί
659 3958 745 4008 ταῦτα
764 3954 832 4027 apic
846 3955 894 4027 κήκ
914 3959 999 4014 καλαῖς
1016 3959 1129 4007 sidium·
1151 3963 1196 4008 sal

143 4029 196 4098 μῆν
212 4027 275 4081 otidl
293 4026 365 4096 ἡμεῖς
383 4027 502 4098 arpennis
519 4049 546 4079 τι
565 4033 789 4096 προςιατοροῦμον.
826 4029 1009 4096 Quod'rcrsua
1026 4030 1048 4089 Ε,
1070 4025 1119 4080 391
1136 4045 1194 4100 sqq.

145 4101 247 4172 proscri
268 4099 300 4154 sit
318 4096 352 4158 oie
371 4097 549 4163 ἀμβλύνοντας
572 4092 621 4166 τήν
643 4102 786 4162 ἐπιθυμίαι
803 4103 877 4166 Διός,
904 4100 1001 4152 refutat
1020 4097 1193 4153 Aristonicus.

143 4178 176 4237 Σ,
201 4173 236 4228 59
273 4191 311 4244 sq.
336 4171 440 4236 reiecit,
465 4171 527 4244 quia
549 4165 580 4222 ori
596 4173 692 4235 αρὲαον
714 4169 869 4242 χορεύοντας
895 4177 1027 4236 μαχαίρας·
1050 4169 1122 4233 i'ztsr.
1165 4175 1193 4236 Y,

143 4239 474 4304 291-95537κ71ι7νάξια
497 4248 549 4296 τῶν
567 4239 720 4314 apotolatus·
749 4248 792 4295 καί
817 4241 889 4314 παρα
913 4235 1058 4312 βαρβάροις
1083 4241 1112 4294 δι’
1138 4243 1193 4296 lora
