2880 4888
694 313 792 454 '32

249 563 298 630 iu'e
311 564 433 642 nequistis·
445 560 661 638 impollutique)
677 565 793 631 βίβλους,
809 559 954 632 :iosippus
968 566 1014 626 uls
1027 561 1075 626 scic
1093 569 1141 638 τῆς
1153 569 1302 635 κωμῳδίας,

249 655 417 726 Ἀλέξανδρος
435 658 463 708 dl
482 652 530 713 silc
548 656 596 723 τῆς
614 650 777 721 τραγῳδίας,
804 647 873 703 silici
897 649 933 722 lq*
955 657 999 712 istil
1024 651 1073 714 sue
1094 652 1247 725 corripieris.
1267 686 1301 696 -

252 744 306 805 Tric
331 749 360 798 di
385 739 507 814 osqssstic
526 735 695 810 ’Alliusdpic
722 760 765 804 ss,
795 733 830 798 uic
857 739 942 809 ἕσθην
965 737 1058 808 sino'r,
1087 745 1131 794 ssi
1155 741 1318 813 Λυκόφρων·

250 832 454 903 διωρθῦσαοτο·
479 827 527 889 scir
550 832 580 882 di
599 824 735 897 nosqrsssir
752 823 900 896 Ζηνόδοτος
917 833 1019 898 πρῶτον
1037 834 1081 880 sul
1105 825 1212 900 ὕστερον
1229 826 1302 897 'Api-

251 940 365 989 οιιιρχος
383 914 583 988 stuprorum.
619 917 701 995 Recte
717 916 769 970 ism
780 913 938 970 llitscbelius
956 917 998 980 (in
1017 916 1161 970 corollario
1181 918 1302 988 disputa-

250 1005 331 1061 tionis
349 1006 381 1060 ds
406 1003 571 1060 bibliothecis
590 1002 775 1058 Alexandrinis
801 995 889 1074 deque
907 1001 1034 1081 Pisistrati
1055 1005 1129 1058 curis
1144 1004 1303 1068 Homericis,

250 1092 395 1147 immortsli
415 1093 560 1146 memoriae
584 1092 631 1146 siri
651 1090 816 1164 perinlustris
838 1091 914 1144 liberi
933 1090 1046 1144 liaconis
1064 1090 1155 1146 Caroli
1173 1093 1207 1148 de
1226 1091 1301 1146 Stein

251 1181 285 1236 cb
305 1180 451 1236 Atieosrein
483 1169 646 1236 suuo'lsslll
675 1178 783 1245 dictio).
802 1177 906 1242 docuit,
931 1178 1085 1234 Plautinum
1104 1180 1177 1252 quod
1195 1180 1302 1247 dicitur,

250 1266 388 1324 Schotium
406 1268 492 1322 multo
509 1267 622 1338 propius
639 1265 672 1321 ad
692 1265 821 1337 principis
834 1265 915 1320 lontis
932 1267 1060 1320 accedere
1078 1268 1158 1322 iidem
1169 1279 1202 1322 et
1220 1270 1303 1322 uber-

251 1368 348 1422 tatem,
370 1375 452 1427 quam
472 1355 642 1410 Anecdotum
662 1354 825 1420 parisiense,
851 1353 924 1426 quod
943 1343 1113 1409 Zenodotum
1131 1351 1181 1414 oric
1199 1377 1302 1424 nospes·

252 1443 300 1506 κδς
325 1448 434 1512 βίβλους
458 1445 650 1514 (opponuntur
669 1431 706 1494 ὀἱ
733 1443 888 1510 censurat)
918 1441 1124 1511 διορλολσαοθσι
1154 1442 1302 1509 ntertv).

250 1535 404 1596 Plautinum
423 1530 577 1597 Scbolinm,
602 1530 674 1602 quod
696 1529 835 1586 Anecdoto
854 1529 995 1584 parisiensi
1022 1529 1102 1584 misso
1121 1549 1205 1584 unum
1224 1529 1303 1584 eudi-

252 1644 327 1690 mus,
349 1621 519 1676 Zenodotum
538 1619 682 1691 Ephesium
701 1617 792 1674 scribit
808 1617 917 1672 Homeri
940 1628 1061 1688 poemata
1083 1629 1110 1674 et
1133 1618 1301 1690 reliquorum

251 1710 402 1766 inlustrium
426 1719 566 1780 poetarum
591 1708 619 1762 in
644 1725 729 1762 unum
756 1705 894 1776 collegisse
918 1717 945 1760 et
962 1706 990 1759 iu
1016 1706 1139 1762 ordinem
1158 1703 1301 1778 redegisse,

252 1800 298 1854 ubi
318 1798 366 1852 illo
384 1799 413 1850 in
431 1815 514 1848 unum
526 1796 649 1866 colligere
667 1806 693 1847 et
711 1796 740 1848 in
758 1794 875 1848 ordinem
892 1795 1011 1866 redigere
1029 1795 1154 1866 espressit
1165 1793 1300 1850 Graecum

251 1891 287 1946 sic
305 1889 330 1937 ‘is
349 1883 568 1937 cursuscursus
588 1883 706 1948 συνάγειν
723 1887 767 1936 sui
785 1882 943 1936 orrsssiccsrs.
990 1881 1039 1936 vix
1058 1882 1129 1936 enim
1154 1881 1218 1936 mibi
1238 1901 1302 1954 per·

252 1974 368 2039 suadeo,
395 1971 448 2024 iarn
467 1971 578 2024 Tsetsen
598 1971 631 2024 de
649 1971 790 2044 διορθώσει
808 1970 951 2042 cogitasse,
981 1989 1064 2042 quum
1084 1970 1128 2024 bic
1146 1981 1249 2024 tanturn
1267 1970 1301 2024 de
1388 1961 1392 1974 ’

253 2073 393 2134 poetarum
412 2058 615 2113 collectionibus
633 2059 675 2130 agi
701 2070 788 2132 pateat
807 2071 833 2113 et
851 2059 885 2112 de
903 2058 1089 2132 Lycophronis
1112 2069 1138 2112 et
1156 2058 1301 2112 Alexandri

251 2169 334 2222 opera
351 2149 378 2204 in
399 2148 504 2219 tragicis
523 2147 685 2219 comicisque
703 2149 789 2220 poetis
805 2147 889 2220 posita
907 2147 972 2202 nibil
996 2145 1109 2202 relatum
1128 2147 1303 2202 inveniamus.

252 2239 294 2294 Gt.
312 2235 470 2292 Ritscbelius
487 2235 504 2289 l.
521 2235 540 2290 l.
561 2257 586 2308 p.
607 2235 641 2294 18
657 2255 717 2310 sqq.
760 2235 910 2291 Alesander
927 2235 1009 2308 igitur
1028 2236 1163 2308 principes
1181 2236 1304 2306 trsgiccs,

252 2325 395 2398 Lycopbro
413 2323 532 2380 comicos
548 2324 669 2395 collegit,
693 2309 826 2380 Zenodoti
850 2344 913 2380 sero
938 2341 1003 2380 cure
1027 2324 1056 2381 in
1074 2322 1184 2378 Homeri
1201 2335 1303 2382 serrata

252 2429 291 2474 est
309 2413 473 2470 carminibus
489 2423 515 2468 et
533 2413 700 2484 reliquorum
718 2413 870 2470 inlustrium
890 2423 1029 2484 posterum
1047 2412 1212 2482 colligendis.
1248 2411 1304 2466 Sed

254 2503 365 2576 quinam
384 2511 445 2555 sunt
462 2500 500 2554 illi
519 2501 616 2571 reliqui
634 2500 764 2554 inlustres
790 2500 908 2572 postas?
943 2497 1072 2558 Weleber
1099 2501 1204 2572 epicos,
1227 2497 1304 2552 Mut-

253 2593 293 2647 lsr
311 2591 408 2663 lyricos
427 2599 518 2661 poetes
535 2588 666 2659 intelligit.
708 2587 830 2660 Utraque
848 2588 958 2661 quidem
974 2589 1104 2646 seniculis
1129 2607 1162 2642 eo
1179 2586 1302 2652 ostendis,

146 2743 150 2750 ¹
254 2680 326 2754 quod
345 2679 371 2733 bi
391 2689 484 2751 poetae
503 2696 557 2730 non
576 2676 694 2747 apertius
711 2674 880 2742 indicantum
904 2689 931 2732 at
948 2677 992 2742 id,
1021 2675 1154 2748 quod=bis
1166 2673 1302 2732 sententiis

253 2767 358 2822 reiectis
382 2784 466 2820 uuum
485 2775 580 2831 restat,
604 2763 773 2818 Zenodotum
793 2764 885 2836 epicos
900 2776 926 2820 et
945 2765 1045 2838 lyricos
1062 2775 1154 2838 poetas
1172 2764 1199 2818 in
1217 2781 1304 2817 unum

254 2855 392 2924 collegisse
411 2872 526 2924 corpus,
552 2864 605 2908 tam
624 2852 781 2908 incredibile
799 2864 856 2920 est,
876 2865 905 2908 ut
922 2853 999 2910 stetui
1026 2863 1150 2925 nequest.
1192 2850 1303 2906 lllliilleri

252 2961 315 2996 sero
332 2939 517 3010 interpretatio
535 2959 567 2994 eo
591 2939 656 2994 mibi
673 2941 860 3010 amplectenda
883 2941 1000 3006 ridetur,
1026 2941 1101 3014 quod
1117 2939 1303 2996 Ptolemaeum

254 3028 353 3102 lyricos
370 3037 462 3098 poetas
480 3027 622 3100 neglexisse
648 3048 703 3086 uon
728 3030 816 3086 minus
840 3051 856 3084 a
880 3050 943 3086 sero
965 3030 1106 3097 abborret,
1135 3048 1218 3102 quam
1236 3027 1303 3094 eius,

254 3118 300 3192 qui
319 3117 366 3171 bos
384 3115 544 3190 collegerat,
571 3135 669 3172 nomeu
688 3119 815 3176 omissum
832 3137 896 3176 esse.
930 3116 1052 3190 ¹Collegit
1075 3117 1158 3190 igitur
1175 3115 1305 3174 Zenodo-

253 3218 297 3264 tus
312 3205 398 3260 altero
417 3195 533 3278 corpore
551 3204 652 3278 lyricos
670 3217 779 3278 poetas,
798 3206 882 3264 altero
900 3206 1009 3260 Homeri
1028 3205 1157 3260 carmina.
1193 3205 1230 3262 At
1245 3203 1304 3259 Ho-

254 3295 321 3352 meri
339 3293 399 3350 llias
416 3305 442 3352 et
459 3293 579 3368 Odyssea
593 3295 751 3352 iamdudum
770 3315 785 3350 a
803 3296 939 3350 Pisistrato
964 3305 1041 3350 eraut
1057 3293 1202 3361 collectae,
1230 3293 1305 3349 unde

253 3385 365 3438 Homeri
377 3395 504 3454 poemnro
525 3404 579 3437 non
600 3384 633 3437 de
659 3383 699 3437 bis
724 3395 826 3438 tanturn
845 3382 1008 3457 carminibus
1032 3382 1143 3454 intelligi
1162 3401 1239 3455 posse
1255 3401 1307 3453 pa-

254 3483 306 3539 tet,
323 3471 367 3524 sed
388 3471 420 3524 de
438 3473 564 3526 omnibus
584 3473 651 3541 illis,
675 3491 744 3544 quae
769 3471 833 3528 olim
851 3472 993 3528 Homerica
1011 3472 1177 3528 ferebantur.
1221 3468 1305 3538 Quod

255 3579 290 3614 ne
315 3558 435 3624 mireris,
466 3559 553 3630 cogita
578 3559 689 3614 Soidam
708 3555 878 3626 unoculus,
906 3557 1009 3614 Ἰλιάδα
1037 3556 1147 3631 μικράν,
1172 3557 1305 3627 Niosson

254 3640 401 3714 Ἀμφιάρεω
418 3647 531 3702 lilioso
548 3647 584 3704 sir
602 3647 709 3716 Θήβας,
737 3647 864 3713 Ολχολλος
886 3639 996 3714 ἅλωσιν,
1015 3647 1134 3719 Κύπρια
1151 3647 1184 3702 ad
1203 3647 1305 3700 Home-

255 3747 316 3786 rum
334 3731 444 3798 rel'erre,
461 3731 625 3788 Thebaidem
644 3753 659 3786 a
678 3733 810 3788 veteribus
824 3733 931 3806 saepius
949 3733 1118 3790 Homericam
1139 3735 1191 3790 dici
1211 3735 1307 3802 (Wei-

257 3819 321 3876 cber
338 3817 371 3874 de
388 3819 466 3894 cyclo
484 3821 561 3892 epiro
580 3842 607 3898 p.
620 3821 687 3892 205)
707 3833 732 3881 et
750 3843 818 3898 quae
833 3821 884 3880 alia
897 3821 1026 3880 Vt'etcter
1043 3823 1073 3894 (l.
1090 3821 1110 3890 l,
1127 3846 1153 3900 p.
1168 3823 1215 3884 131
1231 3825 1306 3898 sqq.)
1345 3847 1349 3854 ¹

309 3990 356 4056 21)
373 3988 459 4043 Aliter
475 3989 572 4043 sentire
591 3990 666 4044 rideo
684 3989 880 4046 Bernbardium
898 3990 922 4044 ll
940 4009 968 4062 p.
989 3989 1058 4056 139,
1087 3989 1133 4044 sed
1151 3989 1237 4045 multo
1256 4007 1307 4042 ne-

255 4062 399 4188 Ξὶλςεσιὶυσ
413 4073 550 4147 auctorem
570 4062 700 4117 Anecdoti
720 4061 817 4146 Grpeci
843 4075 973 4147 versatum
992 4081 1061 4146 esse,
1080 4062 1159 4148 qui,
1179 4061 1251 4134 quod
1272 4060 1306 4144 de

258 4133 397 4260 ³uentqqtllqtu
423 4145 539 4202 rusenrt,
561 4153 609 4190 suo
634 4134 695 4190 loco
714 4151 858 4202 omissum,
879 4135 949 4190 solra
968 4131 1063 4188 abeno
1079 4143 1185 4202 snserit,
1214 4149 1306 4188 omma
