2880 4888
756 351 920 445 ua,

228 545 305 613 ,κατ’
318 547 372 600 ἔνια
385 551 436 599 τῶν
450 538 640 610 ὑπομνημάτων
659 536 848 606 teutonici·
868 538 892 592 ol
909 541 939 594 dl
957 559 1035 602 φασιν
1047 545 1216 612 Zpssdd‘cssor
1233 536 1300 596 sirus

246 633 296 706 τήν
312 630 431 704 yprensis,
456 629 529 684 unde
546 624 698 681 Eustathius
716 645 743 696 p.
761 625 824 695 437,
843 625 877 682 23
895 647 945 700 sep:
971 629 1119 698 Ζηνόδοτος
1138 634 1167 684 dl
1184 634 1298 700 lapso-

245 720 318 788 χὸτν
335 721 429 790 γράφει
448 714 494 770 dui
512 719 668 786 προθέσεως.
705 712 748 768 Cf.
767 715 882 768 eundem
905 735 933 786 p.
953 717 1032 780 1410.
1050 715 1094 772 61.
1130 720 1228 770 Hadria
1248 713 1301 772 iuro

218 835 224 842 ·
246 815 325 862 cetero
339 807 502 871 zenodotus,
520 801 710 874 Aristophanes
723 813 750 856 et
761 801 927 858 Aristarchus
936 806 957 871 ξ,
970 803 1033 872 285,
1048 805 1094 858 ubi
1106 803 1149 858 alii
1163 801 1305 862 ὑαοστίετο.

294 890 375 948 ’Ἑσσο
400 893 568 961 zenodotus,
599 890 805 963 Aristophanes,
828 889 1012 960 Aristarchus,
1031 891 1151 963 Didymo
1171 903 1250 957 teste,
1273 915 1301 959 y,

247 983 283 1039 57
300 982 349 1052 (cl.
371 980 424 1035 Od.
442 1002 471 1046 τ,
491 980 567 1048 199),
585 979 631 1032 uhi
650 979 764 1032 aliorum
781 978 911 1050 scriptura
930 975 982 1031 ilco
1000 990 1057 1032 erat
1070 977 1118 1047 41).
1153 977 1228 1035 Idem
1245 981 1302 1033 Ze-

247 1069 376 1137 nodotus,
395 1069 441 1140 qui
460 1067 503 1122 hic
521 1067 665 1140 genuinam
684 1066 800 1120 sormam
826 1085 855 1118 ex
875 1067 983 1137 optimis
1007 1066 1081 1120 libris
1104 1067 1220 1138 recepit,
1245 1066 1302 1120 Od.

246 1159 275 1224 ξ,
293 1156 347 1213 295
366 1159 498 1218 ἔμεν’σατο,
522 1155 569 1208 ubi
587 1154 707 1208 Rhianus
725 1157 863 1218 tolosano,
888 1154 1057 1208 Aristarchus
1075 1173 1137 1208 sero
1154 1165 1226 1208 recte
1244 1159 1301 1208 ἐέσ-

248 1262 326 1308 σατο,
350 1243 466 1298 sormam
492 1241 545 1296 iam
570 1241 675 1314 pridem
699 1241 728 1296 in
751 1241 842 1294 multis
866 1240 941 1294 libris
958 1241 1135 1298 oblitteratam
1154 1243 1202 1310 (cl.
1220 1243 1302 1299 Butt-

249 1329 406 1402 maunus5.
427 1330 479 1387 108
497 1351 523 1401 p·
542 1330 603 1386 545.
639 1331 709 1384 Pou.
728 1329 740 1382 l
758 1350 784 1402 p.
800 1328 884 1396 248),
903 1329 1022 1386 restituit.

301 1418 456 1474 Zenodotus
473 1417 571 1489 aliique
589 1440 612 1484 s,
632 1415 649 1473 3
671 1421 765 1486 πὲνβεῖ
781 1416 888 1487 dalaiau
907 1417 1066 1488 βεβλήαται,
1084 1428 1112 1473 at
1128 1416 1301 1474 Aristarchus

248 1501 409 1576 βεβολήατο,
443 1524 528 1577 quum
553 1495 683 1575 βέβλημαι
711 1505 745 1559 de
765 1505 887 1576 corporis
911 1504 1078 1574 vulneribus,
1104 1502 1247 1576 βτβόλημον
1265 1506 1300 1560 de

248 1593 339 1648 auimo
357 1592 491 1646 Homerus
509 1592 588 1647 dicat.
624 1591 667 1646 cf.
685 1591 776 1648 Lehrs.
792 1613 819 1664 p.
839 1590 883 1648 76.

302 1682 357 1736 Pro
375 1680 541 1738 Aristarchea
561 1681 647 1736 lorma
664 1678 760 1744 φθάνει
778 1681 932 1736 zenodotus
949 1705 974 1748 ν,
993 1679 1046 1737 506
1065 1692 1091 1737 et
1109 1704 1136 1749 φ,
1153 1681 1207 1740 262
1225 1687 1300 1745 φθο-

248 1774 305 1826 νέει.
356 1769 447 1838 Quam
475 1770 635 1840 scripturam
664 1788 725 1822 cum
750 1768 855 1840 lleynio
880 1771 915 1833 (V
939 1789 967 1840 p.
986 1767 1050 1836 611)
1076 1781 1103 1823 et
1125 1767 1245 1822 Bellero
1266 1771 1300 1822 in

248 1855 384 1928 ephemer.
402 1855 507 1911 lenens.
527 1853 594 1910 1809
614 1855 651 1907 lV
675 1875 701 1926 p.
723 1854 773 1909 137
797 1855 1002 1927 praeferendam
1021 1857 1107 1924 duco,
1131 1857 1204 1929 quod
1229 1877 1301 1929 quo·

249 1943 339 1995 arsinus
357 1941 413 2012 ipse
431 1943 540 2009 laceret,
558 1941 728 2014 Spitznerum
744 1943 889 1998 Aristarchi
901 1945 1044 2000 auctoritas
1055 1944 1199 2018 prohibuit.
1229 1943 1301 1998 Bet-

250 2033 297 2088 lrer
317 2032 504 2092 nuncpea'm
522 2031 614 2085 edidit.
964 2019 970 2048 '
1047 2084 1049 2088 ,

303 2121 459 2176 Zenodotus
476 2125 502 2184 β,
521 2118 555 2175 35
574 2117 716 2190 ἐπεβήσετο
735 2139 785 2192 pro
804 2115 954 2190 ἐπεβήσατο
971 2131 1000 2178 et
1016 2123 1037 2186 ξ,
1052 2120 1105 2178 229
1124 2117 1230 2190 ἷβὴσετο
1249 2141 1300 2193 pro

249 2205 370 2280 ἰβήσατο.
408 2206 497 2262 Codex
517 2209 585 2262 Ven.
605 2206 628 2260 A
647 2207 762 2280 ubique,
788 2226 844 2262 uno
863 2207 924 2262 loco
944 2209 977 2277 (ο,
996 2207 1063 2277 352)
1083 2221 1207 2280 excepto,
1232 2229 1300 2264 con—

249 2309 349 2352 stanter
367 2297 431 2368 legit
452 2297 557 2366 βήσετο,
585 2291 744 2366 οἷατβήσετο,
763 2296 934 2366 κατεβήσετο,
952 2296 1025 2367 quod
1049 2295 1235 2350 eZenodotea
1255 2315 1299 2350 re·

250 2386 375 2441 censione
393 2383 496 2438 lluaisse
515 2383 633 2450 videtur,
660 2402 740 2454 quem
767 2403 801 2436 ne
825 2384 898 2438 illam
916 2383 1024 2455 quidem
1045 2383 1227 2454 exceptionem
1245 2396 1300 2440 sta·

249 2472 327 2526 tuisse
344 2470 444 2525 iudico.
478 2469 649 2525 Recentiores
662 2471 829 2540 grammatici
848 2490 941 2525 omnes
954 2471 1122 2524 Zenodotum
1140 2484 1299 2543 sequuntur.

250 2558 292 2613 Cf.
311 2560 470 2630 interpretes
489 2556 521 2610 ad
541 2578 567 2622 α,
586 2556 647 2613 428.
684 2555 816 2628 Spitaneri
834 2557 917 2630 praef.
937 2579 963 2630 p.
979 2557 1019 2614 16.
1055 2559 1171 2630 Longius
1186 2559 1197 2612 l
1215 2579 1240 2630 p.
1256 2560 1299 2614 11.

249 2645 425 2700 Memorabile
444 2656 495 2712 est,
525 2643 598 2719 quod
616 2642 706 2697 Schol.
726 2642 750 2696 A
773 2665 799 2712 y,
823 2645 876 2700 262
900 2645 994 2700 tradita
1019 2648 1158 2717 Προνρίνεο
1180 2649 1225 2708 μὶν
1248 2646 1298 2718 τήν

249 2727 296 2786 dui
313 2735 361 2784 τοῦ
381 2739 394 2784 Ξ
414 2728 517 2802 μραφήν
537 2728 677 2800 βήσετο,
704 2726 773 2800 πλήν
797 2729 829 2783 ου’
844 2738 1032 2804 μοτατίθησνν,
1059 2731 1126 2788 u’llcl
1150 2732 1195 2788 did
1213 2739 1297 2788 τοῦᾱ

181 2851 187 2858 -
249 2818 343 2890 γράφει
366 2817 547 2890 Ἀρίσταρχος.
596 2816 653 2870 Cur
679 2818 795 2871 formam
821 2819 994 2876 aZenodoto
1022 2834 1157 2894 receptam
1184 2823 1299 2878 retinere

191 2901 196 2908 ⁸
249 2927 305 2962 non
325 2926 403 2960 ausus
422 2905 479 2959 est?
515 2904 691 2978 Optimorum
711 2907 835 2962 codicum
854 2909 1053 2977 auctoritatem,
1085 2911 1113 2964 ni
1132 2910 1225 2978 sallor,
1250 2911 1298 2962 de-

247 3011 335 3048 serere
355 2992 450 3047 noluit.
491 2991 535 3046 cf.
565 3013 633 3068 quae
660 2995 783 3052 Lehrsius
807 2997 914 3069 collegit
938 3016 965 3069 p.
983 2996 1035 3053 375
1060 3019 1100 3070 sq.
1144 2998 1298 3052 Zenodotus

248 3081 329 3154 igitur
342 3081 492 3152 genuinam
512 3082 626 3160 sormam
645 3095 717 3138 recte
736 3084 815 3156 elegit
838 3098 917 3158 atque
936 3087 1024 3158 ipsum
1043 3087 1226 3144 Aristarchum
1245 3089 1299 3142 Ze·

250 3169 378 3224 nodotum
396 3169 425 3221 in
444 3169 526 3224 altera
545 3171 662 3226 editione
679 3184 799 3228 secutum
818 3193 872 3228 esse
891 3194 906 3228 a
926 3195 986 3229 vero
1006 3195 1060 3231 non
1080 3176 1216 3232 abhorret.
1253 3175 1297 3228 Si-

249 3259 318 3314 milis
336 3259 408 3311 enim
428 3259 494 3314 ratio
513 3271 551 3314 est
569 3261 718 3315 formarum
730 3261 835 3315 ἐδύσετο
855 3274 881 3316 et
898 3264 1017 3319 lddooro.
1053 3262 1179 3318 Schol.A
1197 3270 1225 3331 β,
1244 3262 1298 3320 578

250 3345 432 3399 Aristarchum
457 3347 486 3400 in
509 3348 590 3402 altera
615 3348 731 3404 editione
753 3360 780 3403 et
799 3349 969 3405 Zenodotum
992 3347 1096 3404 ἐδύσετο
1114 3351 1206 3424 legisse
1225 3351 1297 3404 dicit.

249 3431 304 3485 0d.
322 3435 346 3497 l,
367 3431 401 3489 26
419 3434 589 3488 Zenodotum
608 3456 658 3508 pro
675 3436 771 3506 χεόμην
788 3436 909 3492 hahuisse
925 3434 1024 3507 χτάμην
1042 3421 1163 3510 legimus.
1206 3439 1242 3491 At
1261 3438 1295 3492 cl.

249 3539 277 3585 n,
296 3516 359 3574 267.
377 3540 402 3586 τ,
419 3519 480 3576 356.
508 3519 601 3589 ”Egens
621 3523 733 3595 legimus
751 3545 780 3592 u,
799 3525 862 3583 799.
907 3525 1077 3580 Zenodotum
1101 3525 1145 3580 hic
1162 3523 1297 3596 vulgarem

250 3605 364 3660 formam
383 3618 476 3661 contra
495 3611 611 3680 optimos
628 3611 711 3666 libros
730 3613 867 3668 retinuisse
879 3615 1002 3668 arbitror.
1037 3613 1089 3668 Alii
1109 3611 1184 3684 peius
1199 3618 1298 3679 κίομεν.

302 3691 392 3746 Schol.
412 3692 465 3747 od.
483 3713 507 3761 a,
525 3694 579 3750 337
600 3698 648 3767 (cf.
667 3698 789 3756 Cramer.
808 3703 910 3757 Anecd.
926 3703 986 3756 Par.
1005 3701 1040 3756 lll
1059 3722 1085 3774 p.
1104 3702 1187 3769 424),
1215 3699 1298 3771 Ζηνό-

249 3783 326 3842 δοτος
342 3780 435 3854 γράφει
452 3783 576 3852 εἴδεος,
600 3790 645 3838 aaz
661 3783 835 3860 Ἀρίσταρχος
857 3787 888 3842 ου’
906 3791 1065 3860 δυσχεραίνει
1088 3791 1125 3861 τῇ
1141 3791 1246 3860 γραφῇ·
1272 3791 1297 3839 ἐν

304 4022 350 4088 42)
368 4019 515 4092 Didymus:
529 4013 608 4074 Ἕσσο
626 4021 671 4074 dul
690 4028 742 4076 τῶν
761 4024 809 4076 delo
827 4032 859 4092 α’,
886 4025 958 4078 unde
978 4025 1096 4098 lleynius
1114 4025 1165 4096 (lV
1184 4043 1209 4095 p.
1228 4019 1296 4086 162)
1354 4039 1363 4048 “

250 4093 375 4166 colligere
393 4112 448 4146 non
468 4092 573 4158 debuit,
591 4093 657 4147 alios
673 4095 715 4147 i'os
734 4095 835 4168 legisse.
871 4097 1020 4168 Didymus,
1039 4109 1068 4152 ut
1086 4097 1161 4164 solet,
1182 4115 1236 4148 nou
1254 4103 1299 4146 sa*

252 4167 284 4218 tis
302 4165 426 4220 accurate
443 4164 576 4240 loquitur,
596 4165 669 4238 quod
687 4167 739 4221 iam
758 4167 880 4240 Spitzner
898 4169 968 4224 sidit.
