2896 4888
716 431 787 504 172

227 621 437 694 Agamemnonis
454 620 575 674 animum
594 636 682 672 sersus
705 615 750 670 ille
769 613 868 686 optime
887 612 1027 679 describit,
1053 612 1219 666 contrarium
1241 612 1277 665 il-

225 712 277 765 lius
295 711 449 782 superbiae,
469 728 521 780 qua
540 707 676 779 quondam
697 706 783 758 minas
800 704 827 756 iu
842 701 973 758 Achillem
991 702 1143 756 coniecerat
1160 704 1200 770 (c,
1222 699 1277 756 173

227 821 286 873 sqq.
304 801 358 856 286
376 803 462 870 sqq),
488 808 567 868 atque
593 796 649 867 ipsa
673 795 749 848 ducis
767 812 862 846 manus
880 793 908 845 iu
928 812 1017 864 pugna
1036 793 1171 846 vulnerata
1183 789 1277 842 'cledis

226 890 392 942 Graecorum
414 905 474 939 eum
501 885 637 938 admonet.
683 880 874 952 Aristophanes
895 899 956 933 vero
975 892 1001 935 et
1016 879 1196 944 Aristarchus,
1223 877 1277 930 Di-

225 975 306 1046 dymo
326 985 404 1040 teste,
423 972 467 1027 hic
484 973 552 1025 duos
569 971 634 1023 alios
653 969 806 1023 hahuerunt
825 987 927 1021 versus:
1021 1029 1022 1034 ¹

374 1067 449 1114 Τοῖσι
467 1063 495 1114 dl
514 1063 702 1119 soloecismos
720 1053 784 1114 ἄναξ
801 1053 904 1125 ἀνδρῶν
921 1053 1091 1122 Ἀγαμέμνων

375 1145 490 1200 αὐτόθεν
508 1149 532 1204 ἐξ
551 1146 644 1214 ἕδρης,
662 1141 720 1196 ou’d‘
737 1145 763 1194 ir
780 1148 909 1205 μέσσοισιν
927 1141 1043 1202 decoctis
1056 1143 1106 1211 ⁵⁰).

227 1235 305 1304 Quos
322 1255 412 1290 sersus
428 1236 481 1288 iam
499 1235 532 1286 ah
551 1231 729 1303 Aristophane
751 1233 779 1284 in
801 1229 876 1284 libris
900 1231 1021 1285 inventos
1039 1251 1100 1284 eum
1120 1232 1276 1284 immutasse

226 1324 314 1390 sides,
334 1324 380 1396 qui
399 1344 413 1378 e
433 1343 455 1377 v.
477 1324 511 1378 79
530 1321 598 1374 male
616 1320 752 1374 intellecto
763 1319 800 1383 51)
820 1319 949 1385 coniecit,
970 1325 1197 1389 Agamemnonem
1217 1339 1275 1370 non

225 1421 354 1478 stantem,
381 1411 426 1464 sed
446 1411 581 1463 sedentem
600 1408 688 1480 loqui,
718 1406 790 1478 quod
817 1407 837 1458 si
866 1416 958 1460 contra
977 1405 1145 1460 Graecorum
1170 1407 1279 1460 fecisset

225 1518 345 1563 morem,
370 1500 425 1571 ipse
444 1497 547 1550 disertis
565 1496 651 1550 verbis
668 1511 791 1548 excusare
810 1493 939 1558 debehat,
972 1505 1051 1564 atque
1071 1511 1195 1556 causam,
1225 1513 1279 1546 cur

225 1590 393 1660 Agamemno
414 1607 468 1640 non
482 1597 611 1656 surgeret,
628 1584 718 1637 edesse
737 1581 848 1647 nullam,
867 1581 1017 1635 Alexander
1029 1581 1184 1652 Cotyaensis
1202 1594 1279 1635 recte

226 1676 330 1730 monuit
343 1675 391 1742 ω).
435 1673 561 1728 Ceterum
587 1691 690 1725 versum
714 1667 829 1722 aristeo
847 1671 871 1726 il
895 1669 1088 1739 i'dpqcpostec
1113 1670 1178 1721 alios
1197 1669 1279 1723 aliter

224 1763 412 1834 interpretatos
440 1781 510 1829 esse,
541 1780 597 1814 non
624 1771 675 1825 est,
701 1759 773 1830 quod
794 1757 905 1810 mireris.
942 1757 1128 1811 Massilioticae
1146 1769 1172 1810 et
1191 1756 1278 1811 Chiae

227 1851 351 1904 editionis
368 1850 500 1921 scriptura
519 1849 575 1900 sine
594 1848 679 1902 duhio
698 1847 859 1916 restituenda
879 1857 924 1899 est.

279 1942 317 2004 u,
339 1937 389 1992 195
409 1954 525 1989 versum:

428 2019 496 2075 Οὔτε
513 2023 693 2093 βαθυρρείταο
712 2027 781 2089 μέγα
796 2027 888 2081 σθένος
907 2020 1051 2088 Ὠκεανοῖο,

224 2112 378 2167 zenodotus
394 2110 508 2179 sustulit,
526 2112 599 2184 quod
617 2131 672 2165 non
692 2111 825 2174 Oceanus,
844 2111 888 2163 sed
909 2110 1049 2176 Achelous,
1069 2129 1092 2163 s.
1113 2109 1164 2165 194
1183 2110 1277 2163 nomi-

224 2209 315 2266 natus,
340 2218 410 2252 unus
429 2218 513 2270 aquae
533 2201 559 2252 in
580 2211 650 2253 terra
669 2199 776 2253 fluentis
794 2201 854 2252 lons
873 2210 937 2252 esset
950 2198 1008 2266 ⁵⁵),
1031 2198 1065 2252 de
1091 2218 1143 2270 qua
1162 2209 1275 2252 seuten-

223 2285 257 2340 tia
275 2305 289 2339 e
309 2286 445 2340 nobilitate
463 2286 541 2341 huius
558 2283 675 2340 fluminis
693 2299 751 2340 orta
771 2288 805 2340 cf.
825 2287 963 2358 Heynium
978 2286 1039 2339 Vlli
1059 2308 1085 2360 p.
1098 2287 1148 2342 149
1159 2309 1199 2359 sq.
1237 2289 1275 2342 At

222 2371 278 2444 ipse
296 2373 423 2428 Oceanus
440 2374 535 2428 fluvius
563 2386 601 2428 est
617 2375 665 2444 (cs.
685 2373 818 2428 Voelclser
840 2375 873 2426 de
898 2372 1059 2444 geographia
1077 2373 1219 2427 Homerica
1245 2395 1274 2444 p.

222 2462 284 2532 94),
306 2481 385 2534 quem
403 2483 432 2516 ex
451 2461 571 2516 Acheloo
588 2462 672 2516 lluere
691 2475 769 2534 poeta
787 2474 900 2516 statuere
920 2482 975 2514 non
995 2462 1096 2533 potuit,
1115 2463 1158 2516 cui
1180 2462 1274 2518 Occa-

223 2569 273 2603 nus
293 2557 362 2604 θεῶν
379 2555 474 2617 γένεσις
493 2552 591 2606 dicitur
609 2554 650 2618 (ξ,
669 2551 730 2606 201.
750 2549 939 2621 Naegelsbach,
960 2549 977 2602 l.
997 2549 1014 2603 Ι.
1035 2570 1061 2622 p.
1081 2549 1115 2604 72
1132 2553 1191 2622 sq).

270 2641 314 2708 Ω,
333 2638 386 2696 269
403 2639 491 2692 abluit
508 2659 522 2692 a
542 2640 698 2693 recensione
717 2639 872 2692 Zenodotea
892 2657 994 2692 versus:

424 2723 550 2790 Πὺξινον,
569 2725 709 2789 despolier,
727 2715 756 2779 eti
773 2728 899 2796 οἰήκεσσιν
915 2724 1026 2798 ἀρηρός,

222 2831 276 2867 non
297 2814 367 2886 quod
388 2823 513 2867 neutrum
533 2831 617 2884 genus
633 2811 663 2867 ro*
680 2811 756 2879 ζυγεῖν
774 2813 891 2867 Homero
916 2811 1120 2885 ignotum'esse
1137 2811 1269 2866 iudicave-

222 2900 256 2952 rit
276 2901 324 2966 (cl.
340 2921 363 2966 ν,
382 2899 444 2955 706.
463 2919 491 2965 π,
510 2899 593 2966 470),
622 2920 691 2972 quae
709 2901 804 2973 Heynii
824 2901 899 2972 (Vlli
919 2922 945 2973 p.
967 2902 1035 2970 647)
1053 2903 1198 2969 sententia,
1222 2903 1269 2956 sed

275 3064 323 3133 30)
342 3065 411 3118 Hinc
429 3085 483 3118 non
503 3067 563 3119 satis
581 3079 653 3120 recte
674 3067 854 3121 Alexandrum
875 3068 1052 3140 Cotyaensem
1077 3069 1158 3140 (apud
1178 3067 1272 3122 Schol.

222 3137 288 3201 Ar,
308 3137 354 3202 79)
379 3137 467 3190 dicere
497 3149 582 3208 patet=
601 3137 775 3208 Ἀρίσταρχος
801 3169 836 3178 -
861 3147 1020 3210 nepoteque
1047 3141 1092 3192 τδν
1119 3137 1273 3192 uuirdon

221 3212 252 3266 ἐξ
271 3209 381 3278 ἕδρης.
418 3208 499 3276 Quod
516 3210 683 3281 Geppertum
701 3213 725 3281 (Ι
745 3233 770 3283 p.
789 3211 854 3278 22),
882 3213 926 3283 qui
954 3213 1133 3284 antiquiorem
1151 3213 1273 3283 scriptu·

222 3289 278 3332 rani
299 3299 354 3334 non
375 3294 521 3347 memoret,
541 3282 624 3335 lotuit.

274 3351 322 3419 31)
339 3353 485 3406 Hermanni
496 3354 742 3424 interpretationem
756 3352 834 3405 huius
852 3353 904 3407 loci
925 3353 1043 3424 (Opuscl
1058 3355 1083 3406 V
1098 3374 1122 3425 p.
1134 3354 1188 3410 302
1200 3360 1272 3426 sqq.)

222 3424 336 3493 probare
356 3443 477 3494 nequeo,
504 3445 587 3495 quum
605 3427 694 3497 inepte
709 3426 876 3495 Agamemno
895 3427 973 3478 rerba
990 3445 1036 3478 sua
1056 3427 1195 3480 mandaret
1214 3447 1270 3478 non

221 3494 363 3564 praeconi,
387 3497 432 3546 sed
459 3494 569 3559 Achilli,
605 3517 693 3569 neque
719 3497 821 3561 videas,
850 3517 899 3552 cur
927 3500 1113 3567 Agamemno,
1141 3498 1187 3568 qui
1212 3518 1270 3550 non

220 3563 368 3630 Achillem,
388 3566 432 3617 sed
453 3585 547 3620 omncs
565 3567 685 3622 Graecos
701 3568 862 3638 alloquitur,
895 3569 1008 3633 timeret,
1028 3589 1060 3621 ne
1080 3569 1135 3640 ipse
1151 3569 1271 3622 exaudiri

222 3644 316 3706 posset.
352 3631 465 3692 ‘Ensrroic
491 3637 511 3688 is
534 3649 586 3702 est,
619 3640 664 3710 qui
689 3642 813 3704 surrexit,
840 3650 870 3692 ut
894 3641 922 3692 in
949 3640 1080 3692 concione
1102 3639 1270 3711 loqueretur,

221 3703 343 3770 ὑββὰλειν
363 3722 424 3758 sero
444 3706 476 3760 dc
496 3708 605 3778 strepitu
626 3711 738 3772 dicitur,
765 3729 820 3780 quo
838 3722 930 3764 orntor
954 3711 1108 3782 impeditur.
1134 3711 1271 3783 ,Gepper-

221 3791 263 3832 tus
279 3777 303 3843 (i
324 3798 350 3848 p.
370 3775 434 3842 158)
454 3775 526 3832 huuc
544 3780 634 3836 locum
654 3781 841 3850 calumnietur.

274 3848 321 3914 32)
343 3855 375 3900 Τι’
394 3850 426 3900 ιῖν
445 3849 581 3908 καθέζοιτο
600 3850 646 3904 τοῖν
664 3851 795 3918 «tynum
813 3857 987 3921 τετρωμένος;
1007 3849 1100 3904 'itesam
1118 3845 1200 3910 oileus
1225 3854 1270 3920 έῤ-

218 3921 314 3986 drocus,
333 3914 397 3972 ὥστε
414 3918 500 3984 ὄλίγον
517 3917 624 3990 ὕστερον
642 3925 678 3992 (v.
698 3925 751 3979 252
768 3923 841 3994 sqq.)
859 3922 904 3975 cdv
923 3922 1022 3992 νὰσρον
1040 3920 1223 3984 ἀποσφάττειν.

275 3989 324 4057 33)
344 3992 523 4045 Aristonicus:
542 3999 647 4046 Γίνεται
666 3997 694 4046 δέ
713 3991 725 4045 o‘
745 3993 874 4062 Ἀχελῷος
893 3993 963 4064 πηγή
982 4001 1033 4049 τῶν
1052 3993 1136 4046 ἄλλων
1152 3996 1268 4056 πάντων.
1340 4031 1345 4044 .

221 4059 302 4114 Schol
321 4062 346 4114 V
366 4064 444 4116 verba
464 4064 498 4118 ita
519 4066 679 4119 restituenda
706 4066 840 4119 videntur:
869 4071 941 4125 Ὶιοές
964 4069 994 4118 ut
1023 4063 1054 4118 orl
1070 4064 1198 4132 γράφουσι
1222 4066 1268 4120 τὸν

221 4139 323 4199 στίχον,
344 4137 464 4194 θέλοντες
482 4133 593 4190 πάντα
612 4139 635 4196 il
655 4134 785 4206 Ἀχελῴου
804 4139 871 4206 ῥεῖν·
901 4136 945 4190 rtis
968 4132 1019 4208 ydp
1045 4135 1124 4190 oticsis
1143 4134 1267 4190 Ώκεονδν

221 4201 401 4270 Ἀχελώιόν
419 4225 504 4266 φασιν.
