2880 4888
657 360 705 436 3⁴1

95 577 107 590 =
150 553 231 604 λυσον
245 546 309 609 τούς
326 545 461 616 λοχυροῦς,
481 547 625 618 Ζηνόδοτος
643 542 705 607 roric
719 545 852 615 drudoric·
871 553 899 600 al
915 544 966 619 γάρ
985 566 1062 618 φησιν
1078 550 1198 620 iporiam·

318 634 429 706 Ἰφθίμῃ
449 633 543 702 ἄλοχος
559 631 705 704 Διομήδεος
723 639 757 701 (ε,
777 636 861 702 415);

148 722 299 796 canayo.
318 723 355 778 M.
373 745 395 778 v.
413 727 523 785 ἴφθιμος
543 742 567 794 p.
586 723 647 790 480,
665 723 700 780 23
718 744 759 796 sq.
792 722 918 794 Apollon.
937 743 959 776 r.
977 726 1076 794 ἰφθίμη
1094 743 1119 794 p.
1139 723 1199 782 373.

149 811 239 866 Schol.
257 813 281 864 Τ
283 812 373 865 heocr.
395 813 426 878 V,
445 811 479 866 2:
497 811 595 869 Νάννος.
644 813 789 881 Ζηνόδοτος
802 809 833 862 ri
857 806 962 878 κώδιον,
988 808 1020 863 sti
1037 809 1198 882 propriam·

148 905 195 953 aui
212 897 289 959 νάιος
308 897 338 952 ro*
357 903 404 967 τῆς
422 896 495 964 υἶγδς
512 901 606 969 δέρμα.
644 893 781 970 Ὄμηρος·
808 900 899 957 Νὰκος
917 898 982 951 i'lar’
1005 896 1079 966 alric
1096 900 1198 970 o'psrpd·

148 1009 209 1052 φου.
254 989 340 1043 Locus
357 988 515 1042 Homericus
541 1008 556 1041 a
583 987 674 1046 Schol.
700 988 832 1042 indicatus
859 987 902 1042 hic
927 983 1046 1041 eostur
1070 991 1100 1041 di
1120 985 1200 1059 νάκην

149 1074 215 1129 ἕλκ’
231 1075 305 1143 alric
323 1080 456 1147 λῦτριηέος
477 1075 546 1143 (od.
562 1079 584 1142 ξ,
603 1075 679 1145 530).
725 1076 879 1130 Zenodotus
898 1075 941 1129 illa
962 1095 985 1128 r.
1002 1073 1068 1146 νάυη
1086 1078 1199 1150 scripse-

148 1178 200 1221 rat.
237 1166 334 1220 Athen.
352 1164 373 1231 l,
389 1166 438 1222 2l:
467 1162 509 1216 ’lis
533 1161 634 1216 τούτων
659 1163 685 1218 δ’
701 1169 811 1236 lusindp
830 1161 978 1236 Ζηνόδοτος
1004 1167 1086 1218 datan
1104 1167 1199 1236 alona

148 1251 198 1324 τήν
216 1252 324 1324 ἆγαθὴν
341 1257 473 1320 λέγεσθαι.
510 1251 553 1306 Cl.
570 1249 689 1306 Eustath.
707 1235 760 1306 Od.
778 1274 801 1318 ο,
820 1253 856 1310 20
874 1273 901 1325 ρ.
922 1251 999 1319 1773,
1015 1251 1058 1308 38.
1093 1253 1147 1308 Ubi
1166 1275 1198 1308 eo

148 1344 239 1397 minus
256 1343 289 1396 dc
306 1341 447 1396 Zenodoto
466 1339 582 1413 Ephesio
600 1341 741 1406 dubitabis,
760 1359 845 1414 qurum
865 1341 957 1412 paullo
975 1353 1035 1413 post
1049 1341 1200 1397 Athenaeus

148 1430 253 1498 tradat,
270 1431 440 1504 Zenodotnm
459 1449 486 1495 α,
505 1428 521 1484 5
540 1432 621 1481 δαῖτα
639 1430 773 1502 scripsisse
792 1447 842 1501 pro
861 1431 934 1483 naias.
971 1428 1068 1484 Athen.
1086 1429 1130 1496 lll,
1150 1432 1199 1486 572

147 1517 268 1590 Kordlp.
288 1547 323 1560 ··-
359 1512 481 1587 Σοοληνὸς
499 1521 542 1568 sal
560 1519 740 1587 Κλείταρχος,
762 1518 801 1568 i'rs
819 1520 847 1568 dl
868 1513 1014 1585 Ζηνὸδοτος
1031 1515 1080 1586 τήν
1097 1515 1199 1583 κύλικα,

149 1637 186 1650 ·-
207 1606 365 1678 Τιμάριστος
381 1603 460 1658 δὲ’τδ
480 1602 572 1656 λουτδν
583 1605 707 1675 ποτήριον
721 1597 788 1656 oiiru
803 1607 950 1660 καλεῖσθαι.
987 1605 1070 1674 Quod
1088 1605 1115 1658 in
1136 1625 1199 1660 socc

148 1696 327 1768 κοτυλήρυτον
345 1697 389 1764 (ψ,
408 1693 459 1759 34)
484 1691 639 1765 explicanda
658 1693 813 1747 Zenodotus
839 1694 949 1747 sortasse
974 1693 1075 1765 posuit,
1103 1713 1199 1766 quarn-

149 1805 232 1860 quam
257 1781 369 1854 κοτύλην
395 1780 490 1836 κύλικα
508 1782 636 1834 hahemus
658 1781 840 1848 χ,494.0(1.
865 1805 892 1849 ο,
910 1780 971 1839 312.
988 1801 1017 1852 ρ,
1037 1781 1079 1838 12.
1121 1783 1198 1838 Adde

149 1876 222 1948 quod
244 1876 314 1929 infra
333 1893 357 1928 c.
376 1871 424 1927 Vll
442 1871 475 1926 de
494 1870 556 1926 1οοο
568 1891 601 1964 ιρ,
620 1872 650 1926 51
675 1871 853 1925 monebimus·
968 1873 972 1886 '

560 2025 767 2035 -—---—--

202 2139 257 2194 lam
283 2157 346 2192 vero
372 2136 405 2190 ad
434 2135 604 2190 Homericam
629 2134 761 2188 Zenodoti
791 2134 974 2186 recensionem
999 2135 1199 2188 transeuntibus

147 2229 267 2303 primum
285 2245 313 2278 se
331 2225 412 2278 olsert
431 2222 585 2276 Plautinum
603 2220 684 2287 illud,
704 2220 778 2293 quod
799 2220 912 2286 dicitur,
931 2221 1068 2274 Scholium
1088 2243 1201 2276 conver-

147 2335 207 2370 sum
235 2315 380 2367 eTcetzae
406 2309 600 2364 commentario
628 2309 656 2362 in
683 2308 867 2380 Aristophanis
891 2309 1000 2363 Plutum
1025 2311 1137 2382 scripto,
1167 2313 1200 2366 de

149 2423 205 2475 qrro
221 2411 281 2473 post
299 2399 459 2466 Osannum,
486 2391 675 2462 Welclrerum,
704 2396 875 2452 Bitschelium
903 2398 958 2468 ipsa
983 2409 1044 2452 ante
1072 2411 1133 2453 octo
1153 2399 1200 2452 lios

148 2509 235 2544 annos
253 2489 362 2542 uberius
378 2486 488 2540 disserui
507 2487 535 2540 in
554 2485 624 2540 liliro
642 2486 795 2552 „Homerus
820 2497 844 2540 et
863 2487 956 2558 opicus
974 2487 1080 2558 cyclus'’
1104 2488 1200 2542 inseri·

147 2591 196 2653 pto
217 2598 243 2650 p.
262 2576 299 2632 42
316 2595 375 2648 sqq.
387 2576 439 2644 10).
484 2575 543 2630 lluc
567 2576 702 2647 pertinent
723 2575 816 2628 rerba:
843 2575 1014 2643 „Alexander
1038 2577 1147 2631 Aetolus
1174 2587 1199 2630 et

146 2664 310 2738 Lycophron
330 2662 512 2718 Chalcidensis
534 2674 559 2717 et
576 2663 731 2717 Zenodotus
749 2661 879 2733 Ephesius
905 2664 1022 2736 impulsu
1047 2664 1117 2734 regis
1132 2665 1199 2716 Pto-

146 2755 242 2808 lcmaei
260 2745 426 2824 Philadelphi
446 2763 628 2824 cognomento
646 2781 678 2793 -
698 2751 820 2806 Graecae
845 2751 908 2806 artis
929 2754 1048 2824 poeticos
1071 2752 1154 2806 libros
1172 2753 1199 2805 in

147 2862 233 2897 unum
254 2841 422 2913 collegerunt
440 2852 467 2895 et
489 2841 517 2893 in
535 2840 659 2894 ordinem
680 2841 856 2913 redegerunt:
875 2839 1025 2895 Alexander
1044 2839 1199 2912 tragoedias,

147 2928 311 3003 Lycophron
325 2928 492 2996 comoedias,
511 2928 667 2982 Zenodotus
684 2947 747 2981 vero
765 2928 874 2983 Homeri
895 2939 1016 3001 poemata
1034 2941 1061 2984 et
1078 2930 1198 3002 reliquo·

147 3037 209 3072 rum
228 3017 381 3071 inlustrium
399 3015 566 3087 poctarum.”
611 3016 649 3068 Es
668 3017 870 3080 rodemiam,
898 3037 927 3070 ex
953 3036 1008 3089 quo
1026 3017 1134 3071 Tretzes
1151 3035 1197 3070 sua

147 3105 249 3173 hausit,
278 3099 383 3158 fluxisse
408 3104 512 3157 videtur
536 3103 612 3158 locus
635 3110 694 3174 περὶ
712 3107 850 3172 κωμῳδίας
867 3123 883 3158 a
903 3103 1032 3158 Cramcro
1051 3105 1079 3156 in
1096 3103 1198 3157 Anecd.

147 3192 231 3246 Paris.
250 3191 261 3244 l
281 3189 335 3263 pli
358 3190 443 3244 editus
457 3191 525 3259 ⁹⁰¹¹):
550 3187 653 3256 Ἰστλον,
671 3185 713 3242 ‘o'as
730 3188 900 3260 Ἀλέξανδρος
917 3187 1064 3254 ὅΛῆτοολὸς
1084 3196 1127 3241 καὶ
1140 3192 1197 3242 Λυέ

147 3273 250 3349 κὸφηων
272 3273 451 3336 iXaiasdas'c
476 3271 528 3329 ainai
553 3278 720 3339 Πτολεμαίου
742 3279 791 3328 τοῦ
815 3278 980 3338 Φιλαδλλφου
1008 3281 1198 3348 προτρυυὲντος

147 3477 242 3563 darno,
260 3479 336 3562 φηηὲν
355 3470 564 3559 (ᾎρίσταρχος),
583 3473 748 3557 ἔοικυψιλῶς
765 3476 950 3560 τιροηλρεσθιοιι
962 3469 1106 3544 (ἐξήλατον)
1125 3477 1196 3530 isdr-

144 3543 862 3676 λὶλ’;1ῖ..ζ”’.“1ἒλί’’,11ἶᾶιλῑὲἰ,“.ῗζ”1ἐῑ..ῑ;’»”
887 3545 1196 3676 ‘'di'·⁰s0⁰i0'l‘⁸f'³l0i¹

147 3689 296 3760 Quomodo
321 3638 439 3742 Witfius
456 3687 593 3760 (Prolegg.
622 3708 652 3760 p,
668 3687 791 3757 CCXV),
820 3657 900 3762 quern
920 3655 1133 3744 (iraelenlianiirs
1152 3659 1196 3744 in:

147 3761 315 3816 considerate
332 3759 452 3831 sequitur
470 3757 494 3828 (l
514 3779 539 3830 p.
554 3759 627 3828 534),
646 3759 678 3812 ad
694 3760 813 3826 γλώσσας
831 3759 921 3814 Schol.
940 3784 958 3823 ι,
978 3761 1032 3817 447
1053 3774 1078 3815 et
1097 3765 1120 3826 λ,
1142 3762 1192 3816 106

146 3833 293 3896 rettulerit,
320 3849 435 3884 menon
455 3830 604 3901 intelligere
625 3830 767 3901 profiteor,
798 3851 832 3884 ne
856 3833 888 3885 de
907 3829 1026 3884 llefltero
1045 3837 1082 3903 (p.
1107 3831 1133 3896 9)
1152 3831 1194 3906 di-

147 3923 224 4021 cam,
249 3904 310 3976 qui,
336 3901 468 4026 {Veollpprp
494 3902 892 4027 'litiuzudiissiigli‘cffllm'
919 3901 944 3975 p.
963 3903 1025 3970 520,
1052 3903 1083 3958 51
1105 3921 1144 3974 sq.
1169 3921 1191 3953 r.

146 3976 254 4110 atatppp
268 3993 343 4102 Allia
363 3992 558 4098 Bliinltardium
577 3993 604 4097 ll
615 4065 642 4116 p.
662 4043 699 4100 08
712 4011 773 4116 iqq.
795 4043 846 4101 130
865 4055 890 4098 et
905 4059 975 4116 quos
992 4039 1086 4094 adfert.

200 4116 263 4186 20⁸)
282 4115 426 4169 ilenricurn
444 4113 561 4170 Keilium
580 4135 640 4170 mos
665 4117 692 4169 in
711 4116 805 4168 Museo
823 4117 950 4169 Rhenano
977 4112 1066 4166 locum
1085 4109 1159 4165 illum
1179 4133 1194 4166 e

145 4188 242 4246 codice
260 4186 453 4243 Mediolanensi
469 4187 602 4243 editurum
622 4206 744 4260 novaque
763 4187 929 4258 prolaturum
950 4201 1004 4238 esse
1022 4182 1153 4237 audimus.
