2886 4890
621 424 693 498 105

137 617 184 672 ubi
204 617 323 690 primum
340 612 386 668 ille
404 609 568 678 nominatur,
587 610 674 666 omitti
692 608 798 681 nequit,
825 617 905 681 atque
923 615 1024 664 nomen
1041 611 1095 664 iarn
1113 608 1188 682 prius

136 703 351 760 commemorari·
365 700 481 756 ostendit
490 700 625 755 'allocutio
637 721 659 753 v.
671 697 716 768 86,
735 697 818 769 quod,
836 708 909 752 recte
919 718 934 752 e
946 699 1082 753 Faerbero
1096 699 1114 751 l.
1128 698 1146 752 Ι.
1160 719 1187 771 p.

136 793 192 850 617
208 791 351 858 monitum,
370 788 502 860 Langium
519 799 546 842 et
558 787 706 842 liellterusn
722 805 779 839 non
792 785 885 838 vidisse
905 785 998 840 miror.
1032 785 1188 842 zenodotus

135 879 164 933 in
183 899 206 934 e.
226 875 387 931 σῖυνιιιὸιῑιιν
405 876 496 942 haesit,
522 875 595 948 quod
621 893 705 947 quum
723 873 849 927 nonnisi
866 873 902 926 de
919 874 1067 945 auguribus
1083 873 1188 928 dicere-

136 976 194 1033 tor,
215 965 353 1020 notionem
372 962 524 1034 generalem
543 961 615 1015 votis
634 962 723 1015 deesse
745 979 799 1014 non
820 980 896 1031 posse
911 961 962 1015 sibi
981 961 1117 1032 persuasit.
1152 961 1189 1015 At

136 1053 290 1112 simonides
309 1052 353 1105 ltic
370 1051 466 1104 latiore
477 1069 561 1104 usensu
580 1050 766 1126 aoeipiendum
785 1057 838 1115 est,
857 1049 931 1120 quod
949 1060 1044 1104 contra
1061 1049 1188 1120 Naegels-

136 1141 263 1195 bachinm
282 1139 331 1207 (de
349 1138 483 1208 theologia
497 1137 638 1192 Homerica
657 1158 682 1209 p·
698 1138 762 1203 151)
777 1135 896 1207 aliosque
911 1153 1026 1192 moneo..
1054 1135 1188 1203 (11.1,73

135 1250 159 1296 s,
180 1228 222 1283 70.
241 1247 267 1298 ρ,
286 1227 348 1284 218.
384 1225 497 1280 Calchas
508 1225 641 1298 Apollinis
659 1237 729 1280 vetes
746 1235 812 1289 erat,
829 1223 876 1296 qni
894 1224 1007 1278 deorum
1023 1225 1186 1280 voluntatem
1233 1235 1237 1244 ¹

123 1310 194 1368 ¹non
213 1315 300 1368 solum
326 1313 489 1386 eprodigiis
506 1323 532 1366 et
558 1313 681 1379 ostentis,
708 1312 752 1365 sed
778 1312 857 1365 etiam
879 1332 909 1364 es
933 1312 989 1384 ipsa
1014 1313 1189 1386 inspiratione

137 1403 181 1460 dei
199 1403 280 1457 norit.
306 1402 404 1473 Atque
422 1399 512 1472 inepte
530 1399 644 1455 Calchas
660 1399 720 1467 hie,
749 1399 795 1454 abt
814 1399 924 1454 minime
949 1420 979 1454 ea
996 1401 1084 1454 eninm
1102 1402 1189 1457 volatu
1265 1421 1268 1428 ’

136 1491 273 1563 Apollinis
290 1491 411 1544 voluntas
429 1500 487 1543 erat
504 1489 708 1556 enuncianda,
734 1489 909 1560 auguriorum
935 1489 1040 1552 audiret
1062 1490 1189 1564 peritissi-

139 1599 199 1633 mus
211 1579 261 1648 12).
297 1575 403 1636 Μάντις
423 1597 437 1631 ι
456 1594 531 1630 versu
550 1575 585 1632 62
602 1576 766 1632 translatum·

190 1668 235 1736 A,
255 1666 288 1724 91
309 1666 478 1732 Zenodotus‚
496 1664 701 1738 Aristophanes,
722 1664 902 1732 Aristarchus,
921 1665 1076 1738 Sosigenes:

299 1750 351 1812 “Oe
368 1753 414 1805 νῦν
431 1749 527 1805 nattis
545 1749 652 1823 ἄριστος
671 1749 812 1818 Ἀχαιῶν
829 1751 932 1820 εὔχεται
947 1748 1022 1813 εἶναι.

137 1840 191 1896 Alii
209 1844 246 1894 tvl
264 1843 379 1913 στρατῷ,
397 1841 469 1913 quod
487 1851 559 1899 recte
577 1839 697 1894 defendit
714 1841 823 1894 Vossius
840 1840 952 1907 (Sched.
970 1846 1030 1898 crit.
1047 1843 1058 1898 l
1076 1865 1104 1918 p.
1117 1845 1189 1913 173).

137 1929 308 2000 Agamemno
324 1927 369 1982 hic
386 1927 465 1996 totius
483 1925 656 1999 expeditionis
673 1939 767 1982 contra
781 1927 892 1982 Troiam
909 1941 1047 2004 susceptae
1070 1932 1122 1986 due
1142 1935 1190 1987 de-

138 2017 238 2089 signari
258 2017 381 2083 debebat,
401 2014 475 2088 quod
486 2014 533 2068 illo
545 2011 653 2084 ἄριστος
670 2018 706 2068 hl
719 2018 826 2084 aspergi
840 2018 1045 2085 peramoenus
1063 2019 1092 2072 in
1102 2025 1187 2072 Grae.
1299 2063 1304 2068 ,

138 2123 229 2160 corum
247 2105 367 2158 exercitu
381 2103 486 2175 ,optim
512 2101 570 2156 fieri
598 2103 690 2173 negari
716 2103 818 2174 nequit.
864 2103 906 2156 ct.
924 2092 957 2172 s,'
971 2104 1040 2162 att:
1063 2103 1189 2169 ’Aontdee

140 2186 217 2246 inens
235 2190 342 2264 ipsosne
360 2195 397 2244 tet
413 2195 519 2262 στρατῷ
537 2188 583 2260 q'dt
601 2195 730 2258 μέγισται.
755 2211 777 2256 ο,
796 2189 863 2258 296:
891 2189 980 2244 Αὐτοὶ
996 2191 1023 2246 d'
1041 2191 1112 2247 druos
1130 2193 1190 2266 dips-

140 2299 199 2337 στοι
218 2283 255 2332 ἓν)
269 2282 374 2350 στρατῷ
389 2275 511 2346 εὐχόμεθ’
528 2271 610 2333 εἶναι.
637 2281 672 2344 B,
688 2277 725 2334 82
743 2279 770 2330 iu
786 2277 894 2349 optimis
911 2280 1020 2352 quidem
1038 2281 1113 2338 libris
1129 2281 1189 2353 dpe-

142 2387 204 2426 στος
222 2364 336 2432 ’Apuanis
352 2367 465 2438 legitur,
487 2377 514 2422 at
532 2385 561 2420 es
586 2355 644 2421 eliis
660 2365 750 2432 libris,
762 2421 764 2428 ,
778 2367 824 2438 qui
840 2366 986 2430 Aristarchi
1003 2371 1190 2426 auctoritatem

142 2473 199 2508 non
223 2455 306 2509 secuti
332 2466 407 2520 sunt,
431 2459 468 2507 ut
492 2455 599 2524 στρατῷ
623 2453 817 2507 restituendum
830 2453 881 2522 18).
926 2452 1056 2527 ’Ἄριστος
1074 2456 1191 2526 Ἀχαιῶν

139 2543 273 2598 Homerus
291 2561 346 2596 non
366 2543 416 2596 nisi
436 2542 469 2596 de
487 2542 543 2594 viro
562 2541 706 2595 fortissimo
718 2541 782 2594 dicit
799 2542 846 2608 (cl.
861 2563 882 2610 s,
903 2542 962 2604 103.
976 2563 1002 2614 η,
1021 2545 1065 2602 50.
1079 2568 1102 2614 ν,
1116 2546 1190 2614 313),

139 2632 213 2704 quod
233 2631 277 2685 hic
294 2631 385 2685 locum
404 2650 460 2684 non
478 2629 566 2688 habet.
601 2629 756 2686 Zenodotus
773 2626 889 2694 Ἀχαιῶν
901 2632 1035 2702 praetulit,
1053 2633 1103 2686 nisi
1121 2634 1191 2687 forte

136 2722 222 2795 ipsius
238 2720 392 2775 coniectura
410 2730 464 2784 est,
493 2719 566 2791 quod
584 2720 612 2774 in
632 2720 753 2772 concione
772 2717 939 2774 Graecorum
958 2718 1075 2774 Achilles
1097 2721 1192 2792 loque-

138 2821 224 2876 retur,
241 2808 288 2864 ubi
306 2808 526 2862 commemoratio
545 2808 674 2862 exereitus
691 2806 856 2879 bellicasque
869 2807 1031 2862 fortitudinis
1050 2809 1102 2876 (sic
1120 2810 1192 2868 enim

138 2894 247 2968 ἄριστος
264 2899 301 2947 tn
318 2897 425 2964 στρατῷ
444 2894 599 2950 intellexisse
617 2895 732 2962 ridetur)
749 2894 838 2950 minus
856 2906 917 2966 apta
937 2907 1012 2953 esset.

131 3023 134 3030 .
193 2989 222 3050 1,
241 2983 294 3038 405
312 2982 482 3049 zenodotus,
507 3002 564 3038 roc.
582 2979 713 3053 epsicopus·
736 3003 759 3036 r.
777 2983 832 3040 104
851 2983 919 3038 male
937 2985 1090 3053 intellecto,
1119 2985 1191 3057 quod

137 3073 174 3127 de
195 3072 304 3127 cardine
323 3071 375 3126 dici
396 3073 524 3144 putebat,
549 3071 694 3126 infeliciter
712 3091 761 3143 pro
783 3076 881 3137 Φοίβου
900 3070 1065 3134 ’Λπόλλωνος
1083 3076 1192 3134 tentavit

137 3164 203 3231 νηοῦ
222 3157 397 3220 Ἀπόλλωνος.
433 3159 476 3218 Cl.
495 3179 575 3232 supra
594 3179 616 3216 c.
636 3159 654 3212 l.
697 3159 817 3230 lleynius
834 3161 859 3210 V
878 3179 905 3230 p.
919 3159 982 3216 616.
1016 3159 1145 3218 Welelser
1163 3163 1190 3216 in

137 3248 234 3302 Museo
250 3247 380 3301 Rhenano
399 3266 414 3300 a
432 3245 533 3302 Naelsio
552 3259 579 3302 et
596 3244 742 3322 Vl'elciero
761 3247 832 3302 edito
850 3245 874 3298 ll
892 3266 919 3319 p.
936 3247 990 3304 478
1007 3267 1047 3320 sq.

194 3335 230 3403 Ξ,
249 3335 285 3390 40
305 3335 460 3390 Zenodotus
483 3355 498 3390 e
525 3338 680 3391 coniectura
698 3333 768 3389 male
792 3345 854 3388 nata
879 3353 929 3406 pro
947 3333 1063 3402 Ἀχαιῶν
1086 3339 1192 3409 scripsit

136 3425 249 3495 isulpus
266 3423 315 3494 (cf.
333 3442 357 3477 c.
376 3423 387 3474 l
406 3435 471 3506 pota
490 3424 556 3494 42);
584 3433 691 3496 poetam
720 3422 792 3478 enirn
818 3422 852 3476 de
871 3422 1054 3496 principibus,
1082 3425 1191 3480 nonde

192 3600 239 3667 12)
257 3600 401 3654 Aristonici
420 3611 525 3660 notems
544 3598 586 3655 ou‘
603 3601 716 3656 delesses
733 3603 762 3655 st
781 3603 820 3670 τῷ
838 3604 903 3668 rives
920 3596 952 3652 cd
965 3593 1034 3660 eidos
1054 3594 1110 3664 ἅμα
1127 3621 1190 3666 συν-

137 3677 355 3736 omnesones«,
384 3672 464 3726 nimis
488 3691 601 3746 operose
629 3675 747 3726 relinere
771 3674 858 3729 studet
874 3674 1023 3745 -Laagiusl
1045 3693 1070 3744 p.
1085 3675 1111 3728 ’1.
1133 3673 1192 3741 ,CA
1285 3701 1291 3710 ·

136 3745 161 3797 F
162 3744 259 3798 aerber
276 3763 303 3815 p.
324 3741 382 3798 615Ι
397 3763 436 3815 sq.
475 3745 510 3799 At
528 3746 667 3816 quomodo
683 3745 732 3798 hac
750 3745 933 3800 observatione
945 3745 1058 3798 refutata
1078 3755 1192 3797 conten-

137 3817 204 3870 dere
223 3824 341 3886 poterat:
367 3815 464 3879 „Nulla
489 3817 577 3887 igitur
593 3817 691 3870 idonea
710 3835 789 3870 cause
808 3817 895 3884 adest,
924 3836 974 3872 cur
990 3814 1123 3870 Zenodoti
1141 3834 1191 3871 au-

137 3886 333 3956 ctoritatem(?)
351 3887 564 3957 repudiemue?”

195 3957 241 4024 13)
259 3957 378 4028 lieynius
397 3957 445 4023 (lV
472 3978 499 4029 p.
518 3957 581 4023 43)=
609 3957 708 4024 „Forte
723 3957 853 4024 alterum,
880 3961 916 4012 tsi
934 3959 1053 4026 στρατῷ,
1078 3955 1191 4026 petitum

138 4051 170 4084 es
189 4035 217 4096 β)
235 4028 284 4092 82,
302 4028 350 4081 ubi
368 4028 452 4098 magis
470 4028 605 4092 convenit,
623 4027 840 4100 quum'Apossis
858 4031 897 4092 (r.
915 4028 965 4094 80)
984 4027 1191 4099 praecessisset.'’

138 4104 177 4156 At
194 4102 217 4154 si
235 4099 290 4152 illic
308 4103 345 4151 ist
362 4103 483 4170 στρατῷ,
512 4100 723 4173 qaod-Heynius
746 4101 864 4171 recepit,
891 4112 963 4153 recte
989 4117 1017 4150 se
1039 4098 1133 4165 habet,
1156 4098 1189 4151 de

135 4181 232 4228 nostro
250 4170 331 4236 loeo,
355 4189 441 4242 quum
457 4172 588 4228 Homerus
606 4171 634 4224 in
654 4173 750 4227 talibus
768 4171 894 4226 formulis
913 4170 963 4224 sibi
982 4179 1102 4237 constet,
1131 4171 1190 4224 iure

137 4244 266 4299 dubitare
285 4243 390 4314 nequis.
1112 4259 1128 4266 ··
