2886 4890
630 379 681 453 77

201 563 288 616 Medii
303 583 353 634 pro
371 564 461 616 activo
480 563 557 636 positi
577 562 644 618 haec
664 564 731 620 habe
750 565 878 636 exempla.
909 564 969 621 .Od.
987 588 1016 632 μ,
1034 565 1088 624 297
1106 567 1196 622 Zeno·

148 652 227 706 dotus
250 647 369 717 fledl‘ead'
396 646 460 716 οἷον,
490 653 534 706 alii
558 649 659 718 βιάζετε
683 655 786 716 μοῦνον.
832 653 939 712 schol:
968 651 1009 707 Ov‘
1026 652 1130 722 rarione,
1157 649 1197 704 iias

148 745 288 810 ποιητικῶς
305 738 501 808 ἐσχημάτισται.
545 743 581 795 At
599 742 713 796 aelirum
731 739 827 807 βιάζειε
851 742 982 794 seriorum
1008 751 1055 797 est.
1101 739 1156 794 Od.
1172 741 1196 804 1,

146 829 200 885 249
218 831 301 886 etiem
315 827 352 895 38)
371 849 422 900 pro
440 833 519 888 τέξεις
532 829 658 900 scripsit,
687 829 807 884 futurum
826 829 905 884 activi
930 828 1060 884 reiieiens.
1105 825 1148 880 Cf.
1166 825 1200 876 ll..

145 937 171 983 τ,
191 915 236 971 99.
272 914 331 970 fles.
347 917 449 988 Theog.
470 917 531 975 469.
546 917 608 974 898.

201 1003 243 1056 De
261 1023 370 1056 numero
387 1005 524 1058 verborum
551 1005 627 1077 plura
646 1015 708 1059 sunt
726 1004 869 1058 monenda.
909 1005 944 1070 B,
962 1001 998 1058 36
1024 1021 1074 1074 pro
1093 1001 1197 1064 ἵμελλοε

146 1090 302 1146 Zenodotus
319 1091 424 1163 scripsit
441 1093 557 1160 ῗμελλεν,
581 1093 730 1164 eademque
754 1093 864 1146 varietas
882 1090 937 1148 od.
957 1097 984 1157 β,
1002 1089 1053 1146 156
1073 1091 1197 1144 obtinuit.

146 1179 284 1232 Pluralem
310 1181 343 1233 ab
369 1180 523 1235 Aristarcho
550 1201 604 1234 esse
627 1181 783 1246 inductum,
811 1180 929 1252 Longius
953 1178 990 1244 (ΙΙ
1012 1199 1039 1250 p.
1056 1179 1085 1246 8)
1113 1179 1198 1233 verbis

149 1266 240 1322 Schol.
260 1273 289 1334 θ,
311 1267 473 1335 137(σ1.,λ,
495 1268 574 1336 l28):
600 1266 773 1340 Ἀρίσταρχος
797 1269 912 1336 φύγον,
936 1264 1011 1322 sitta.
1034 1269 1063 1322 dl
1086 1263 1197 1334 orirer,

149 1367 174 1410 et
192 1378 215 1422 ν,
233 1355 281 1411 28:
301 1351 473 1424 Ἀρίσταρχρς
491 1353 692 1425 η’γεοληοαε,
717 1352 791 1408 ditor
810 1359 839 1408 dl
856 1352 1057 1425 ἠγεοληοεε,
1082 1355 1197 1408 demon-

145 1443 224 1496 strari
238 1443 377 1500 contendit
390 1443 490 1498 addens
504 1443 652 1515 posteriore
663 1443 724 1498 loco
742 1443 838 1514 plurali
857 1440 1041 1512 ἠγοοίησαο
1059 1453 1085 1496 et
1103 1442 1196 1520 singu·
1212 1451 1215 1455 '

147 1530 230 1584 larem
248 1528 347 1584 άταλλε
369 1543 395 1585 et
412 1532 546 1602 digamma
575 1551 598 1585 r.
624 1529 686 1590 άεαξ
714 1531 911 1599 adversarum).
956 1530 991 1584 At
1014 1529 1055 1582 his
1073 1533 1200 1584 omnibus
1276 1591 1279 1594 ,

147 1619 213 1672 locis
230 1630 256 1674 et
273 1621 436 1692 singularem
456 1632 482 1674 et
501 1619 632 1690 pluralem
657 1619 741 1674 libros
763 1616 885 1673 habuisse
902 1637 959 1672 non
979 1629 1032 1683 est,
1056 1618 1128 1690 quod
1147 1619 1198 1672 du·
1293 1611 1298 1614 ⁸

147 1709 226 1772 hites;
244 1707 413 1764 Aristarchus
431 1727 459 1762 ex
479 1728 528 1763 usu
547 1707 703 1773 Homerico,
727 1727 891 1779 quamquam
910 1726 965 1760 non
986 1706 1095 1772 minus‚·
1117 1727 1198 1778 quam

148 1797 279 1869 Largius,
294 1797 453 1853 ‚Homerum
480 1817 557 1869 saepe
582 1816 643 1851 cum
662 1795 817 1855 substantivi
836 1807 932 1850 neutro
952 1794 1063 1866 pluralis
1079 1795 1199 1866 singula·

147 1905 205 1940 rem
225 1884 297 1940 rerhi
321 1887 487 1960 coniungere
513 1897 689 1960 cognoverat,
716 1883 861 1957 pluralem,
891 1882 1046 1946 Zenodotus
1064 1902 1078 1936 e
1098 1883 1198 1955 vulgari

148 1993 222 2026 more
235 1974 399 2046 singularem
418 1974 553 2046 praetulit.
591 1973 633 2029 Cf.
650 1973 768 2029 Faetber
778 1972 804 2024 1Ι.
826 1973 843 2026 l.
863 1992 889 2044 p.
909 1970 969 2027 618.
1007 1974 1038 2036 Ε,
1055 1969 1109 2026 205
1129 1972 1196 2024 Ven.

148 2073 174 2116 at
191 2060 347 2117 Vindobona.
366 2063 444 2118 codd.
467 2075 493 2116 et
510 2062 662 2116 Eustathius
685 2063 794 2124 λ’μελλει.
840 2061 872 2125 0,
890 2059 943 2114 lll
961 2057 1051 2112 Schol.
1072 2059 1108 2111 A:
1139 2062 1198 2112 Πέ-
1307 2049 1310 2055 ’

149 2167 217 2216 σοι,
243 2143 326 2208 οὕτως
350 2147 396 2202 διά
420 2153 468 2202 τοῦ
492 2156 521 2215 ὅ,
551 2152 767 2214 σε’σοοςιιιλοεε
793 2145 899 2200 codices
922 2144 1057 2200 nonnulli.
1092 2145 1199 2213 Quibus

147 2237 214 2292 locis
231 2237 333 2300 λ’μελλει
349 2250 377 2290 at
392 2241 465 2290 πέσεα
482 2235 616 2290 Zenodoti
634 2245 719 2290 erant.

207 2329 239 2390 Υ,
260 2323 311 2379 138
329 2323 475 2395 Didymus:
500 2319 672 2390 Ἀρίσταρχος
690 2325 820 2390 προκρίνει
844 2315 893 2390 τήν
918 2315 964 2373 διά
982 2320 1030 2372 τοῦ
1049 2324 1069 2372 ui
1088 2319 1198 2390 γραφήν·

150 2405 301 2480 γράφεσθαι
319 2414 349 2464 dl
366 2430 428 2480 φησι
447 2415 491 2464 sul
507 2407 553 2463 dui
572 2413 670 2483 τοῦῇ,
687 2407 823 2480 άρχησι.
860 2407 1041 2462 Aristonicus:
1058 2401 1197 2479 Ἡδιεελῆ,
1246 2405 1248 2414 ’

150 2493 192 2550 ’ὅτι
210 2499 356 2568 Ζηνόδοτος
369 2499 465 2570 ,γράφει
484 2494 626 2568 άρχηοι·
645 2493 658 2548 ὅ
675 2501 704 2554 dl
715 2490 835 2567 ’Όμηρος
851 2494 883 2548 τά
902 2491 961 2548 κατ’
978 2491 1129 2565 αἀφοτλρωε
1147 2501 1199 2548 τῶν

149 2585 283 2652 άντμάτοια
299 2591 435 2650 τιθλμεοοε
453 2587 524 2657 ῥῆμα
541 2590 620 2640 eluat
636 2606 711 2648 τοτε,
730 2582 761 2636 τά
786 2585 871 2654 ε”τεροτ
898 2581 1029 2654 προτάξας
1047 2577 1136 2647 ὄνομα,
1154 2603 1199 2643 με-

146 2672 211 2736 ταξά
230 2670 342 2729 τάσσειν.
387 2673 540 2746 Utrumque
565 2674 592 2726 in
620 2672 699 2738 libris
719 2672 848 2726 invenisse
872 2670 1043 2724 Zenodotum
1067 2671 1198 2733 arbitron

147 2763 344 2836 exquisitiorem
364 2761 507 2815 lectionem
525 2759 694 2815 Aristarchus
713 2772 785 2814 recte
804 2759 930 2831 praetulit
941 2756 989 2825 ⁴⁰).

200 2851 246 2905 Ob
267 2850 373 2902 dualem
399 2867 460 2904 cum
481 2849 588 2920 plurali
613 2849 756 2905 confusum
775 2847 929 2904 Zenodotus
954 2866 1010 2901 nou
1030 2845 1110 2902 semel
1129 2848 1203 2903 ritu-x

145 3035 253 3101 habuit,
270 3035 314 3088 sed
335 3033 404 3088 hanc
422 3035 532 3088 alteram
552 3035 626 3090 activi
646 3053 801 3108 personam.
842 3031 877 3086 At
902 3030 968 3084 haec
985 3028 1078 3100 opinio
1104 3027 1195 3100 quanti

145 3107 278 3162 aestimari
296 3117 398 3178 potest,
421 3126 504 3178 quum
524 3107 563 3172 ei,
590 3107 669 3161 nullis
685 3107 797 3162 internis
816 3103 979 3173 argumentis
997 3102 1087 3164 nixae,
1112 3102 1198 3152 obstet

145 3180 281 3251 antiquius
299 3177 431 3230 Zenodoti
457 3177 679 3234 testimonium?”
724 3177 797 3244 Quid
828 3194 889 3226 vero
916 3171 1048 3224 Zenodoti
1077 3179 1198 3230 testatur

144 3253 195 3306 scri
219 3263 292 3314 tura,
307 3248 434 3320 ¹‹pti-sine
452 3249 535 3301 dubio
556 3260 698 3320 utramque
720 3249 834 3302 [ormam
854 3245 881 3296 in
902 3244 976 3296 libris
993 3239 1113 3294 invenit?

198 3273 246 3388 38)
264 3321 287 3374 Ε
304 3320 433 3374 Porsonis
459 3319 647 3373 emendatione
673 3339 721 3390 pro
742 3321 821 3384 τέξει,
848 3315 894 3387 qui
923 3314 994 3368 idem
1020 3310 1110 3382 priore
1136 3309 1197 3363 loco

143 3391 263 3460 arrideo&
281 3391 394 3446 restituit
413 3411 461 3460 pro
479 3388 604 3454 βίασθζ·

116 3483 118 3490 ’
197 3463 448 3536 39)·lleyrrius(Vl
470 3482 495 3532 p.
515 3460 596 3528 376)ε
623 3457 787 3531 „Antiquius
812 3456 862 3510 suit
885 3449 941 3506 οὐδ’
959 3449 1077 3522 ἠγνοίησε
1097 3448 1196 3506 dromo

144 3537 222 3602 (cum
248 3535 409 3606 digamma).
460 3537 582 3604 Apparet
604 3532 695 3602 itaque
716 3533 769 3584 hoc
798 3547 906 3600 quoque
932 3525 993 3580 loco
1014 3523 1195 3578 Aristarchum

143 3609 279 3678 digamma
298 3625 408 3678 prorsus
424 3603 585 3677 ignorasse.”
1063 3647 1065 3659 ,
1187 3643 1197 3668 ·.

195 3680 242 3744 40)
259 3679 284 3732 A
301 3678 431 3731 Zenodoti
451 3678 571 3748 partibus
588 3682 638 3728 stat
655 3673 844 3740 Buttmannus,
862 3671 907 3744 qui
926 3666 1046 3737 (Scholia
1066 3667 1092 3720 in
1105 3666 1196 3739 Odys-

143 3769 215 3804 seam
236 3770 262 3821 p.
281 3749 362 3816 ³53):
388 3747 456 3816 „llic
481 3748 560 3802 etiam
585 3745 708 3800 subtilius
724 3742 856 3798 Zenodoti
881 3743 1020 3814 ingenium
1040 3760 1195 3812 cognoscas,

144 3822 191 3895 qui
210 3821 337 3894 praetulit
354 3817 462 3890 άρχηοι,
490 3817 645 3873 Aristarcho
669 3817 735 3868 illud
753 3815 882 3882 ¹schema,
915 3813 987 3887 quod
1004 3812 1032 3864 in
1061 3822 1194 3865 structura

144 3912 194 3964 per
212 3898 256 3944 καὶ
274 3893 364 3948 locum
385 3903 456 3944 reete
473 3901 572 3954 servat,
601 3889 727 3961 pinguius
749 3888 781 3940 ad
808 3888 918 3940 alteram
939 3885 1017 3940 etiarn
1038 3902 1086 3952 per
1103 3882 1125 3950 η”
1141 3891 1194 3932 tra-

143 3964 248 4020 hente.'’
283 3967 319 4016 At
336 3963 515 4016 Buttmannus
531 3981 587 4014 non
607 3959 683 4023 vidit,
710 3979 732 4010 v.
753 3958 803 4013 138
822 3959 952 4029 pluralem
976 3953 1050 4024 sequi
1077 3962 1101 4003 et
1123 3951 1194 4004 hunc

164 4035 256 4088 luralis
272 4053 351 4087 usum
371 4035 398 4087 in
417 4037 472 4105 ipsa
499 4033 614 4105 pedestri
639 4030 760 4084 oratione
779 4032 857 4084 etiam
877 4030 905 4082 in
924 4024 1094 4086 nominibus,
1145 4041 1193 4074 uae

143 4107 316 4178 pdisiungit,
336 4107 500 4160 notissimum
517 4125 579 4160 esse.
625 4101 667 4156 Cf.
687 4101 822 4158 Matthiae.
839 4105 864 4167 §·
882 4099 934 4156 394
952 4093 1081 4150 astuotl.
1147 4096 1192 4144 rii·

145 4199 194 4252 ger
210 4178 235 4232 ll
251 4199 277 4249 p.
297 4178 375 4248 274..
