2880 4888
163 605 197 660 lia
217 603 255 670 A,
275 603 430 658 auctoribus
447 619 524 656 usum
545 621 600 656 esse
615 601 668 655 iam
687 598 807 654 Wolfius
832 613 904 656 recte
923 601 1029 657 monuit
1040 601 1091 673 ¹⁰).
1129 604 1217 672 Liber,

164 692 210 764 qui
228 689 341 764 Apionis
357 703 383 746 et
400 690 533 744 Herodoti
559 689 669 743 nomine
688 688 826 743 serebatur
839 690 897 756 ιι),
923 709 938 744 e
955 688 1068 744 Scholiis
1080 691 1218 748 collectus

45 781 53 788 “
164 793 190 834 et
207 780 380 852 compilatus,
398 775 647 850 interpretationem
666 776 766 846 magis,
792 796 873 848 quam
892 777 1013 831 criticam
1032 790 1161 850 spectasse
1180 780 1217 834 vi-

164 869 257 935 detur,
281 869 315 922 ita
340 879 371 922 ut
395 867 423 921 in
443 861 591 939 scripturis'
615 866 737 938 priorum
759 866 917 940 criticorum
941 866 1094 922 adferendis
1118 867 1218 932 leviter,

164 975 253 1028 neque
271 947 396 1010 accurate
414 965 530 1008 serratus
547 953 589 1007 sit.
627 950 755 1008 Ceterum
774 953 827 1006 iam
848 953 894 1008 hic
912 971 1055 1008 monemus
1073 955 1217 1010 Aristonici

163 1055 189 1097 et
206 1041 318 1113 Didymi
336 1053 411 1096 notas
429 1059 517 1113 neque
536 1059 645 1106 omnes,
671 1049 761 1111 n‘eque
779 1040 883 1112 integre
901 1042 1004 1116 ubique
1023 1054 1135 1098 servatas
1153 1064 1217 1098 esse.

217 1129 355 1196 Lebrsius,
378 1129 423 1202 qui
442 1129 545 1202 primus
562 1128 694 1183 subtiliter
711 1128 812 1195 docuit,
832 1129 976 1186 Aristonici
994 1143 1021 1186 et
1036 1131 1147 1205 Didymi
1166 1153 1217 1186 no·

163 1230 203 1274 tas
220 1218 254 1272 ad
274 1217 468 1272 Aristarcbeam
488 1217 583 1270 referri
604 1217 766 1284 editionem,
789 1217 863 1271 unde
880 1218 948 1272 illud
966 1215 1117 1283 α’θειετται,
1144 1222 1217 1292 quod

163 1305 288 1380 Spitaner
304 1324 418 1360 summo
442 1325 506 1358 suae
535 1305 659 1358 editionis
686 1304 778 1358 multis
800 1305 960 1360 nominibus
980 1326 1037 1360 non
1061 1305 1218 1361 sufficientis

164 1394 325 1448 detrimento
344 1413 454 1464 prorsus
470 1393 595 1464 neglexit,
613 1393 714 1465 ubique
731 1393 765 1445 de
783 1393 938 1448 Aristarcho
956 1393 1130 1465 intelligatur,
1149 1394 1217 1449 viam

164 1482 242 1536 etiam
258 1482 378 1554 aperuit,
405 1499 457 1553 qua
476 1481 503 1534 in
524 1481 667 1534 Aristonici
686 1491 713 1534 et
731 1479 843 1552 Didymi
863 1481 934 1535 notis
950 1480 1133 1536 discernendis
1154 1501 1219 1552 pro-

163 1569 326 1640 grediamur.
351 1567 454 1636 ¹Quem
472 1569 506 1621 ita
526 1585 687 1638 sequemur,
703 1579 733 1620 ut
751 1587 820 1639 quae
837 1567 945 1622 Scholia
966 1569 999 1622 de
1018 1569 1158 1623 Zenodoto
1178 1581 1218 1623 te·

139 1711 144 1722 ,
163 1659 259 1712 stantia
277 1655 441 1723 Aristonici,
460 1673 530 1728 quae
548 1655 659 1728 Didymi
677 1653 738 1720 sint,
756 1665 885 1726 quantum
905 1654 963 1708 lieri
983 1665 1077 1727 potest,
1094 1668 1218 1712 accurate

163 1743 346 1800 diiudicemus.

216 1831 361 1887 Aristonici
381 1851 436 1902 esse
455 1843 532 1886 notas
549 1826 620 1901 abp‘
645 1833 728 1900 διπλῆ
754 1825 809 1901 αὴ
832 1832 916 1902 διπλῆ
931 1837 1123 1902 περιεστιγμένη
1149 1834 1217 1901 (nu-

163 1939 298 1975 meramus
316 1922 444 1975 ducentas
468 1921 539 1988 lere)
552 1920 609 1988 12),
642 1917 815 1990 παράκεινται
831 1921 930 1972 διπλαῖ
951 1925 1157 1989 περιεστιγμέναι
1181 1925 1216 1989 (ε,

164 2007 247 2076 734),
275 2004 293 2078 ἡ
314 2005 433 2078 ιῖναφοραέ
451 2009 490 2074 (γ,
507 2007 569 2062 339.
589 2029 616 2072 φ,
637 2007 685 2074 17)
710 2003 887 2078 incipientes,
913 2027 964 2062 nec
990 2028 1045 2062 non
1064 2029 1123 2076 eas,
1149 2029 1217 2082 qus·

163 2113 224 2146 rum
243 2083 319 2147 initio
339 2089 379 2146 iias
397 2095 448 2161 (cl.
468 2117 491 2158 νι,
511 2094 578 2162 398)
597 2094 711 2164 legimus
730 2094 882 2164 (octoginta
906 2095 990 2161 lere),
1020 2096 1078 2150 iure
1103 2101 1218 2151 conten·

162 2181 225 2235 dere
243 2181 347 2235 videtur
365 2181 549 2268 laebrdus¹⁵p
586 2181 677 2236 Schol.
695 2201 721 2248 η,
739 2181 792 2236 255
812 2201 851 2252 sq.
870 2181 936 2236 baec
953 2181 1047 2237 hahet:
1074 2181 1141 2242 Todc
1160 2192 1217 2236 ort-

160 2287 225 2334 χους
242 2263 353 2326 τούτους
371 2265 402 2320 ου’
420 2274 566 2337 προςίενται
584 2268 656 2332 ἔνιοι,
672 2261 753 2337 ὥςπερ
772 2263 833 2319 aridi
853 2266 1015 2337 Ζηνόδοτος,
1034 2267 1102 2323 ἀλλὰ
1121 2267 1153 2323 ad
1169 2276 1218 2342 τῆς

164 2361 297 2412 evacuetur
315 2349 397 2412 ebruc
415 2356 466 2420 ἕχει
483 2351 545 2426 παρ’
562 2351 648 2424 αὐτῷ,
673 2348 754 2429 ὥςπερ
779 2359 823 2406 sal
844 2350 858 2405 α’
875 2352 1218 2429 Ἀριστόνικος,1κτιί9ησιν,

165 2438 197 2510 ἢν
220 2439 342 2512 aspectis
362 2445 513 2505 1νομίσαμεν
536 2442 654 2513 γράψαι,
679 2423 730 2495 irbi
749 2441 869 2514 lleynius
881 2445 922 2513 (V
940 2443 1066 2516 p.351):
1093 2447 1218 2516 „Defecit

163 2527 230 2584 haec
247 2535 364 2584 ovrr'aun
382 2551 427 2586 seu
447 2549 529 2584 nexus
547 2530 575 2583 in
594 2529 728 2584 Scholio.''
763 2527 850 2582 lrnmo
870 2529 915 2585 bio
932 2551 1029 2599 nexus,
1049 2535 1096 2606 qui
1120 2545 1216 2606 sponte

162 2626 260 2688 pateat,
278 2617 401 2672 consulto
417 2621 529 2672 omissus
543 2630 625 2690 atque
636 2619 714 2672 verba
733 2612 823 2682 οὕτως,
841 2615 924 2690 ὥςπερ
939 2633 1011 2675 arcte
1025 2634 1089 2676 sunt
1100 2624 1216 2678 coniun-

162 2705 259 2775 genda.
295 2705 383 2761 Locus
400 2707 560 2773 Aristonici,
578 2707 715 2779 usquead
734 2702 802 2758 α’λλιὶ
823 2707 1064 2787 ρεείῐιιεπε,1ρναπι
1081 2713 1216 2764 surtarias

44 2857 48 2863 Ι
161 2792 215 2844 iam
233 2793 368 2847 attulerat.
404 2793 567 2866 ADidymo
585 2814 648 2848 sero
668 2807 760 2866 aperte
780 2795 901 2866 prolecta
920 2806 983 2848 sunt
1001 2795 1132 2862 8ε101.β,
1153 2796 1214 2865 111,

161 2880 208 2932 ubi
226 2880 394 2936 Aristonicus
420 2884 564 2954 praecedit.
583 2865 644 2938 435
670 2882 697 2951 ζ,
716 2884 759 2938 71.
779 2881 819 2953 14)
840 2885 878 2946 Θ,
904 2881 957 2939 535
981 2885 1092 2956 prolatis
1110 2885 1215 2940 Aristo-

140 3143 144 3150 ·
219 3117 264 3186 10)
283 3119 313 3170 1η
333 3137 445 3172 censura
464 3117 551 3172 lliadis
564 3117 774 3173 Villoisonianae
795 3121 893 3174 inserta
912 3117 1046 3192 ephemer.
1063 3118 1217 3176 lenensibus

164 3188 230 3246 1791
252 3210 278 3262 p.
295 3190 359 3245 νει.

216 3275 263 3339 11)
283 3275 384 3329 Eadem
404 3275 460 3330 lere
480 3279 548 3330 ratio
566 3288 605 3329 est
620 3273 747 3335 Ἀπίωνος
764 3279 887 3342 γλωσσῶν
903 3273 1065 3344 Ὁμηρικῶν,
1092 3292 1160 3346 quae
1187 3276 1214 3328 in

162 3347 301 3401 codicibus
327 3349 440 3402 Barocc.
465 3359 490 3402 et
508 3347 661 3402 Darmstad.
686 3348 820 3402 seruntur.
856 3347 898 3401 Cl.
917 3347 1017 3399 Lebrsii
1036 3360 1138 3419 quaest.
1158 3347 1216 3419 epi·

164 3438 212 3472 cae
252 3418 320 3473 .34.
565 3467 568 3472 t
1089 3465 1090 3470 ,

219 3438 267 3589 lli)
288 3522 330 3576 De
349 3523 442 3594 paucis
459 3524 494 3592 (e,
514 3522 575 3580 263.
601 3522 662 3578 323.
682 3522 744 3580 638.
762 3547 789 3590 μ,
808 3523 876 3594 432)
896 3521 1018 3578 dubitare
1043 3521 1121 3589 licet,
1148 3545 1213 3578 num

161 3590 314 3646 Aristonico
333 3595 444 3666 Didymi
464 3607 526 3649 nota
546 3597 738 3650 coniunctione
756 3599 786 3649 δὲ
805 3597 974 3667 adiungatur.
1009 3595 1040 3648 ln
1059 3595 1168 3650 schotto
1186 3619 1213 3658 μ,

160 3663 215 3720 450
237 3666 316 3719 verba
334 3666 397 3720 inde
416 3687 431 3720 a
450 3673 494 3744 sul
511 3665 700 3739 Ἀριστοφάνης
718 3668 830 3740 Didymi
848 3681 918 3722 sunt.

218 3769 264 3839 13)
283 3770 379 3826 Haeret
403 3761 630 3829 Bernhardius‘l.
654 3772 671 3825 l.
699 3792 727 3844 ρ.
755 3773 814 3828 115.
850 3754 1017 3826 lllluetzellius
1035 3769 1052 3824 l.
1077 3769 1096 3825 l.
1115 3791 1140 3840 p.
1161 3769 1213 3826 289

160 3861 256 3926 pauca,
281 3863 349 3914 quae
367 3845 467 3929 iaciant
483 3845 516 3898 ad
534 3844 718 3929 explicandam
737 3845 877 3932 signorum
896 3844 1213 3926 criticorumuratiopem,

83 4052 91 4062 ,
160 3914 735 4058 thlltlt'tat‘l'tttt{tillutttl
750 3915 1065 4056 liiiimiiiiailli
1081 3923 1214 4065 liiila‘i

77 4060 82 4068 '
159 4076 252 4112 causas
274 4051 383 4118 illorum
401 4059 540 4130 signorum
560 4059 713 4130 explicavit,
733 4079 896 4131 quamquam
917 4058 1213 4136 priorumflcntscorum

159 4129 322 4200 scripturas,
349 4149 415 4201 quas
439 4130 585 4184 Aristarchi
607 4132 682 4202 signa
702 4149 781 4202 saepe
799 4129 953 4200 respiciunt,
972 4123 1068 4180 attulit.

191 4285 194 4292 Ι
214 4217 263 4288 14)
282 4215 320 4270 Ex
338 4215 391 4270 alio
406 4217 518 4290 Didymi
532 4218 602 4273 libro
621 4219 793 4290 desumptum
813 4235 869 4272 esse
887 4214 1004 4281 ridetur,
1035 4211 1107 4283 quod
1125 4209 1214 4266 Hero·

196 4317 200 4326 .
950 4302 984 4356 ¹,
