2896 4888
743 424 817 500 186

254 611 387 683 rhapsodo
410 610 505 666 adiecti
531 609 668 676 ridentur,
685 609 742 681 equi
761 608 871 665 Aiacem
899 609 977 662 nimis
1003 611 1120 668 modeste
1146 631 1169 666 r.
1190 613 1306 674 1921ο-

255 703 300 772 qui
320 701 428 773 putarit.
708 762 713 771 .
788 702 791 709 “

305 789 426 840 Deorum
446 784 621 852 concionem,
640 804 670 853 ty,
690 782 853 852 tta-464,
875 781 1047 848 Zenodotus,
1068 783 1258 854 Aristophanes
1277 796 1307 839 et

255 874 422 941 Aristarchus
439 872 639 928 addubitatum.
668 870 718 926 ,(31.
737 869 828 942 Schola
844 870 878 924 ad
898 870 922 926 h.
941 870 958 925 l.
978 892 1006 936 μ,
1027 871 1067 925 17.
1083 893 1110 936 φ,
1129 870 1190 926 446.
1209 871 1306 924 Zeno-

254 965 360 1029 dotum,
379 981 458 1035 quem
478 960 668 1031 Aristophanes
685 971 792 1013 secutus
811 971 863 1024 est,
890 959 1111 1014 commemoratio
1130 959 1211 1014 luturi
1232 971 1306 1013 tern-

254 1050 341 1123 poris,
370 1050 507 1120 adipsum
528 1067 637 1114 carmen
658 1067 712 1101 non
732 1046 906 1120 pertinentis,
936 1047 1047 1101 movisse
1067 1047 1183 1113 ridetur,
1211 1068 1305 1120 neque

254 1139 362 1202 dubito,
390 1138 455 1209 quio
482 1137 576 1190 eodem
597 1147 756 1206 argumento
775 1135 808 1188 ad
829 1155 917 1190 rersus
941 1158 968 1202 n,
988 1133 1076 1192 5-36
1096 1136 1305 1206 proscribendos

253 1233 428 1300 (quamquam
442 1225 513 1292 ¹hacc
530 1221 657 1293 ἀθέτησις
676 1243 730 1278 nou
750 1223 877 1290 relertur)
897 1237 966 1279 'usus
983 1223 1024 1277 sit.
1071 1222 1240 1277 Aristarchus
1258 1244 1306 1278 re·

254 1335 375 1387 pugnare
390 1326 483 1369 nostro
503 1315 563 1366 loco
577 1334 606 1378 μ,
626 1313 659 1367 17
678 1323 704 1364 et
723 1333 749 1375 p,
768 1309 821 1366 446
841 1311 953 1364 monuit.
999 1309 1077 1377 Quae
1095 1309 1138 1364 alii
1156 1311 1189 1364 ad
1209 1311 1304 1366 locum

253 1404 442 1458 vindicandum
462 1401 623 1466 attulerunt,
641 1400 679 1452 ris
700 1399 958 1452 commemoratione
977 1398 1074 1469 digna,
1092 1398 1148 1452 ride
1166 1400 1194 1452 iu
1213 1399 1305 1453 Scho-

253 1495 302 1547 llis.
338 1493 379 1546 De
396 1491 601 1563 interpolatione
624 1487 701 1542 bodie
721 1507 776 1541 non
796 1487 918 1540 dubitant
928 1487 977 1552 ²²).
1019 1474 1022 1482 ¹
1144 1547 1147 1554 ,

304 1583 349 1648 H,
368 1579 420 1637 475
440 1591 510 1634 recte
528 1577 697 1642 Zenodotus,
722 1574 913 1648 Aristophanes
936 1585 963 1629 et
980 1572 1146 1628 Aristarchus
1158 1574 1200 1643 25)
1220 1576 1305 1640 ¹obelo

253 1680 392 1736 notarunt,
418 1667 586 1722 Aristarchus
603 1668 638 1720 ob
658 1662 838 1735 ἀνδράποδον,
867 1664 985 1721 llometo
1004 1664 1185 1734 incognitum,
1211 1664 1306 1720 Zeno-

253 1757 329 1810 dotus
347 1774 409 1809 vcro
427 1775 476 1822 eo,
502 1756 530 1807 ni
549 1754 642 1820 lallnr,
672 1753 746 1824 quod
771 1758 877 1804 τίθεντο
901 1755 931 1804 dl
955 1755 1036 1804 detra
1061 1755 1171 1804 dubius
1192 1754 1306 1808 moleste

234 1855 383 1915 repeteret
401 1842 466 1896 illud
485 1847 530 1896 ent
547 1841 644 1911 deipnos
662 1842 749 1894 ἕλοντο
767 1841 804 1912 (v.
824 1838 889 1909 466)
909 1850 944 1894 ει.
957 1837 1031 1892 ἄλλω
1053 1840 1199 1912 quinquies
1215 1863 1305 1915 pone-

155 1915 165 1932 ’
252 1941 334 1982 retur.
372 1928 414 1992 Cl.
435 1927 593 2000 Geppert.l
614 1949 640 2000 p·
661 1927 704 1984 38.

305 2018 343 2082 O„
359 2015 395 2072 25
415 2036 454 2087 sq.
475 2016 629 2087 proscripsit
647 2034 749 2070 versus:
863 2075 868 2082 ⁸
928 2063 935 2076 ,

419 2101 514 2175 Σειρήν
532 2109 577 2166 μέν
596 2125 637 2156 κεν
656 2105 744 2158 insero
762 2108 821 2172 περὶ
837 2103 891 2173 dior
911 2099 1061 2167 Odttprno

418 2195 563 2262 δησαίμην·
583 2191 616 2246 rd
635 2195 665 2246 di
684 2189 706 2246 κ’
725 2181 787 2246 erist
806 2189 920 2262 μετήορα
938 2194 1024 2248 πάντα
1039 2199 1152 2261 pisones,

253 2281 324 2354 quod
345 2279 473 2352 luppiter,
494 2282 549 2352 ipse
568 2285 595 2334 in
608 2281 729 2353 Olympo
745 2281 847 2346 sedens,
866 2300 893 2336 se
912 2291 993 2338 tutam
1009 2293 1117 2349 terram,
1138 2304 1190 2355 qua
1202 2285 1305 2358 Olym-

253 2389 301 2440 pus
320 2369 429 2437 nititnr,
454 2371 482 2422 in
502 2369 584 2424 altum
604 2383 758 2424 evecturum
782 2381 809 2424 et
826 2369 920 2430 larsem¹
941 2369 969 2422 io
988 2368 1108 2441 Olympo
1129 2373 1302 2446 alligaturum

252 2478 306 2512 esse
326 2459 435 2512 diceret.
481 2460 517 2511 At
535 2457 703 2512 Aristarchus
726 2458 770 2512 bic
794 2476 849 2510 non
872 2457 906 2510 de
930 2469 1022 2512 monte
1041 2457 1178 2530 Olympo,
1204 2463 1251 2516 sed
1269 2462 1304 2516 de

252 2545 326 2600 caelo
345 2546 455 2617 cogitari
479 2549 593 2600 monuit.
637 2545 686 2608 Cf,
700 2543 830 2612 Voelclrer
853 2564 878 2615 p.
901 2544 933 2601 14
952 2565 991 2616 sq.
1009 2545 1099 2602 Lehrs.
1124 2565 1152 2618 p.
1172 2545 1224 2602 167
1240 2569 1302 2622 sqq.

251 2633 327 2686 Talia
345 2634 456 2686 minime
475 2633 507 2686 ad
528 2633 614 2686 vivum
631 2645 693 2687 sunt
712 2630 854 2686 resecanda
866 2631 914 2699 ²⁴).

304 2724 333 2785 I,
353 2719 406 2776 692
424 2720 592 2788 Zenodotus,
611 2742 634 2774 r.
651 2719 795 2778 688-692
814 2720 1004 2792 Aristophanes
1021 2733 1047 2776 et
1066 2723 1231 2778 Aristarchus
1250 2727 1304 2780 ad·

252 2808 416 2860 dubitarunt.
459 2808 614 2862 Zenodotus
632 2808 705 2863 hunc
724 2829 826 2862 versum
845 2809 879 2861 ab
897 2808 1003 2862 Achitts
1019 2829 1111 2864 coram
1129 2811 1260 2866 Phoenice
1279 2838 1300 2880 r,

252 2897 304 2950 427
323 2916 394 2968 sqq..
414 2896 485 2948 unde
503 2897 576 2950 locus
595 2897 750 2968 desumptus
769 2909 820 2962 est,
846 2898 914 2966 bene
935 2897 1013 2965 addi,
1040 2897 1085 2956 hic
1103 2919 1233 2954 veruesca
1252 2921 1304 2954 su-

253 2983 385 3054 perlluum
406 2984 513 3054 putarit.
561 2986 702 3039 Aristarchi
729 2984 856 3054 ἀθέτησιν
881 2986 1042 3038 verissimam
1068 3007 1123 3040 esse
1141 2998 1244 3054 statuo,
1273 3003 1303 3044 ut

253 3090 341 3123 versus
365 3071 398 3122 ah
426 3071 616 3143 interpolatore
635 3074 729 3127 adiecti
749 3074 814 3136 sint,
843 3074 888 3144 qui
907 3073 1048 3127 Phoenicis
1066 3077 1303 3131 commemoratio·

252 3179 330 3226 nem,
350 3179 364 3212 a
385 3169 461 3229 poeta
481 3161 619 3226 consulto,
637 3163 665 3215 ni
682 3161 774 3229 lallor,
795 3161 928 3225 omissam,
948 3161 1123 3216 desiderabat.

303 3249 337 3314 Λ,
355 3247 499 3303 548-557
522 3249 601 3302 obelo
627 3251 741 3314 notarit,
769 3269 852 3321 quum
877 3249 945 3303 duae
964 3243 1179 3320 comparationes
1202 3253 1302 3307 nimiae

253 3323 421 3402 riderentur,
452 3357 566 3408 quarum
592 3337 708 3410 primam
732 3359 790 3410 ep,
810 3336 862 3393 657
880 3358 942 3410 εςᾳ,
969 3338 1039 3394 male
1069 3339 1122 3396 huc
1146 3342 1301 3396 translatam

304 3552 350 3616 22)
371 3551 414 3604 Cs.
430 3552 550 3623 lleynius
562 3555 592 3605 .V
614 3576 641 3626 p.
660 3555 713 3612 383
723 3577 781 3630 sqq.
798 3557 897 3612 Miiller
915 3557 931 3610 l.
950 3557 968 3612 l.
990 3579 1015 3630 p.
1037 3559 1086 3616 126
1105 3573 1130 3616 et
1149 3583 1218 3635 quae
1235 3568 1302 3621 olim

255 3625 347 3676 monui
366 3622 383 3676 Ι.
402 3621 465 3691 tp.
485 3623 528 3678 62.
549 3623 677 3697 Geppert
695 3626 706 3680 1
727 3649 752 3699 p.
772 3628 815 3684 34.
830 3630 874 3685 85.
893 3627 956 3684 430.

307 3693 352 3759 23)
373 3693 514 3746 Aristonici
533 3693 668 3750 ‹tasrsrmt
687 3699 720 3750 de
739 3701 891 3754 Aristarcho
911 3700 1114 3770 intelligendum
1140 3725 1195 3760 esse
1222 3708 1303 3768 bodie

254 3777 310 3836 post
329 3764 464 3820 Lehrsium
490 3766 516 3818 in
543 3767 635 3837 vulgus
653 3782 746 3823 uotum
766 3784 811 3826 est.
858 3772 978 3842 Heynius
996 3775 1034 3842 (V
1052 3795 1078 3846 p.
1097 3775 1165 3844 390)
1184 3781 1303 3834 Aristar-

254 3838 331 3892 chum
350 3838 423 3892 hnuc
439 3857 541 3903 versum
559 3858 614 3892 uon
633 3843 788 3912 reprobasse
808 3845 915 3914 putarit.

306 3909 355 3975 24)
375 3909 553 3962 Aristonicus:
571 3908 613 3962 Δι’
630 3911 716 3966 rericus
736 3921 769 3978 (r.
781 3916 815 3970 25
825 3919 878 3985 sq.)
897 3917 926 3967 dl
945 3912 1129 3977 διδασκόμεθα
1148 3922 1234 3972 πᾶσαν
1251 3920 1302 3993 τήν

254 3984 302 4050 γῆν
321 3978 368 4034 otis
386 3984 421 4050 τῇ
438 3978 562 4050 θαλάσσῃ
584 3983 629 4034 ubi
648 3985 726 4038 rerba
739 3990 865 4049 μετέωρον
883 3991 1006 4051 ysvtoem
1024 3989 1147 4042 escidisse
1167 3992 1302 4062 ridentur,

256 4071 319 4118 seon,
339 4053 410 4123 quod
429 4051 547 4123 Heynius
567 4056 604 4115 (V
626 4057 728 4124 ρ.417)
748 4058 871 4122 coniecit,
888 4061 1108 4124 „oerpnsnir'pdns
1126 4060 1165 4114 sel
1185 4067 1302 4134 sirisopt-

254 4118 356 4180 isiodus
374 4123 412 4176 rel
431 4124 515 4176 simile
535 4125 622 4195 quid.''
658 4128 824 4182 Aristonicus
842 4130 930 4196 enirn,
951 4142 980 4185 ut
997 4128 1069 4186 bunc
1084 4153 1186 4188 versum
1206 4155 1303 4192 neces-

255 4195 352 4247 sarium
372 4214 426 4248 esse
445 4195 621 4259 demonstret,
639 4196 682 4250 illa
701 4197 793 4253 adfert.
1239 4221 1241 4224 ·
