2880 4888
754 381 822 482 14'

248 595 399 672 Stephanus
416 597 579 671 Byzantinus
597 603 703 670 praeter
726 595 885 668 scripturam
909 592 1017 647 aliunde
1037 605 1129 650 notarn
1147 601 1175 663 β,
1195 597 1250 655 752
1268 601 1305 664 (ν.

247 686 378 758 Ἀντρῶν)
389 687 428 751 ⁸⁴)
447 687 535 753 tradit,
553 686 723 743 Zenodnturn
738 705 767 750 τ,
785 682 952 754 233legisse
965 687 1099 752 Φηνιινατε
1116 689 1151 750 (τ.
1164 685 1303 754 Δωδώνη).

301 778 332 828 ln
351 775 540 848 Etymolopieo
566 793 666 846 magno
689 783 817 845 quattuor
840 772 988 841 scripturae
1014 772 1066 824 iarn
1087 793 1102 825 e
1120 771 1235 826 scholiis
1253 794 1303 828 eo·

248 862 336 934 guitae
354 861 498 914 laudantur
520 867 547 926 β,
570 861 581 916 l
606 865 644 932 (p.
663 859 726 926 821,
752 859 807 922 33).
832 881 856 926 μ,
875 857 929 914 273
955 863 994 930 (ρ.
1010 860 1072 925 dut,
1098 861 1139 915 15.
1160 862 1205 918 22.
1258 861 1302 914 cl.

247 947 428 1018 EtyrnJGud·
457 969 482 1020 p.
501 948 563 1017 318,
588 948 615 1005 2.
640 949 678 1014 8).
703 949 728 1012 l,
753 947 805 1003 754
831 951 870 1018 (p.
889 947 951 1012 271,
972 947 1029 1012 22).
1054 947 1149 1014 0,5·16
1179 953 1219 1020 (ρ.
1239 950 1302 1013 701,

248 1033 303 1102 52).
337 1037 373 1091 Α)
391 1036 419 1089 in
440 1037 534 1090 eodem
555 1034 743 1108 Etymologioo
762 1033 819 1087 aliis
839 1033 904 1088 loeis
920 1033 988 1088 elius
1005 1033 1162 1090 zenodotus
1180 1053 1303 1091 cornuae-

211 1133 219 1160 Ι
247 1129 383 1190 moratur,
402 1143 482 1195 quern
501 1123 671 1195 Sylburgius,
689 1123 809 1194 Heynius
826 1132 853 1175 et
870 1121 995 1194 Spitrner
1012 1141 1074 1182 eum
1096 1122 1213 1194 Ephesio
1232 1123 1301 1178 mire

248 1211 444 1280 confuderunt,
473 1231 556 1285 quum
583 1214 617 1265 ab
636 1213 710 1266 omni
729 1210 970 1265 Alexandrinorum
989 1209 1112 1264 doctrino
1134 1211 1171 1268 ¹sit
1189 1209 1301 1274 alienus,

248 1299 321 1372 quod
335 1299 388 1352 iam
397 1299 530 1355 Wotfium
549 1299 675 1370 Prolegg·
694 1319 719 1370 p.
731 1296 829 1352 CCXV
847 1308 874 1350 et
892 1296 1073 1351 Muetaelliunr
1088 1297 1106 1353 l.
1124 1296 1142 1352 l.
1160 1297 1302 1370 p.281⁵⁵)

246 1388 407 1460 perspexisse
425 1387 508 1440 rideo.
556 1387 641 1441 Locos
658 1390 730 1458 ipsos
753 1394 941 1458 percensentes
961 1384 1066 1438 initium
1087 1385 1224 1457 capiamus
1242 1403 1300 1439 as.

247 1471 433 1546 ripuptpulroe,
459 1475 505 1528 ubi
524 1475 679 1529 Zenodotus
697 1473 842 1528 Herodiaui
866 1474 1025 1526 sententiam
1049 1473 1137 1528 attulit
1148 1485 1180 1528 et
1200 1474 1302 1545 proba-

247 1563 295 1626 sit;
326 1561 440 1634 legimus
470 1562 543 1616 enirn
568 1563 595 1615 in
623 1563 677 1615 stne
695 1561 878 1633 expositionis:
911 1564 1003 1612 Ταῦτα
1029 1557 1203 1626 Ἡιιωδιανός·
1231 1555 1300 1614 oiirer

246 1645 393 1720 Ζηνόδοτος
419 1656 457 1721 (p.
478 1648 543 1716 134,
562 1650 617 1715 56).
661 1650 694 1705 V.
713 1645 790 1716 ydor,
815 1647 926 1720 prolatis
941 1648 1078 1718 Apollonii
1102 1660 1129 1702 et
1154 1648 1322 1725 Herodiani¹

246 1738 396 1803 sententiis,
415 1737 489 1790 addit
506 1738 675 1790 Zenodotus=
695 1734 856 1798 Ποιθὸμοθα
875 1732 1043 1805 Ἀπολλωνίῳ
1060 1741 1099 1808 (ρ.
1110 1736 1172 1801 238,
1191 1736 1238 1802 28)
1252 1735 1300 1803 ⁶⁶).

248 1825 283 1878 V.
300 1829 370 1893 κρίκε
390 1822 574 1876 Herodianum
593 1831 663 1892 κρίκε
682 1823 747 1876 dicit
770 1821 891 1876 babuisse
912 1822 1092 1894 ἡμαρτημένον
1111 1821 1240 1894 delusores,
1258 1835 1302 1877 at-

246 1927 300 1980 que
317 1910 372 1979 ipse
391 1910 465 1964 addit
481 1910 636 1978 zenodotus
660 1914 698 1982 (p.
717 1909 781 1974 539,
799 1911 817 1963 7
836 1929 876 1981 sq.
919 1909 965 1966 ‚cn
984 1912 1074 1984 Etym.
1092 1911 1165 1967 Gud.
1190 1933 1216 1984 p.
1234 1911 1300 1978 347,

246 1993 282 2050 34
301 1998 367 2068 sq.):
397 1993 488 2059 Ἡμεῖς
512 2001 541 2049 ot
561 1996 592 2050 ου’
609 2003 692 2063 papir
707 1993 899 2068 ἡμαρτῆσθαι,
928 1997 995 2052 tillo*
1012 2004 1182 2070 πεποιῆσθαι.
1228 1999 1300 2068 Quis

246 2103 303 2138 non
322 2085 391 2139 ridet
408 2085 596 2155 Zenodoturn,
614 2089 660 2160 qui
679 2088 722 2142 hic
742 2086 881 2154 laudatur,
900 2086 1054 2142 Herodiano
1073 2107 1128 2142 esse
1145 2089 1300 2142 iuniorem?

245 2172 424 2228 Nihilominus
440 2172 565 2246 Spitener
582 2196 610 2242 τ,
627 2175 682 2232 tto
699 2176 869 2230 Zenodoturn
891 2181 961 2245 κρίκε
983 2177 1010 2230 in
1031 2177 1149 2230 Homero
1175 2177 1300 2230 habuisse

246 2283 275 2316 ex
293 2261 344 2317 hoc
369 2262 430 2316 loco
455 2263 635 2332 demonstrat,
661 2286 749 2338 neque
767 2265 886 2337 Heynius
904 2264 965 2332 (Vll
985 2285 1011 2338 p.
1031 2265 1096 2326 222)
1122 2265 1155 2318 de
1181 2263 1298 2335 Ephesio

246 2349 357 2404 dubitat.
404 2352 440 2405 V.
464 2349 590 2415 ὀψείοντες
613 2353 769 2406 Zenodotus
788 2353 933 2406 Herodiani
957 2354 1103 2421 sementia,
1130 2354 1176 2425 qui
1200 2351 1299 2416 ὄψεσθε

246 2438 390 2509 praesentis
409 2457 463 2492 esse
481 2439 597 2494 formam
617 2442 694 2508 dicit,
716 2443 828 2510 reiecta,
850 2439 945 2505 insede
964 2451 1010 2496 aut
1029 2441 1151 2494 futurum
1171 2461 1226 2496 esre
1243 2451 1299 2496 sta-

247 2525 311 2590 tuit,
341 2536 387 2580 aut
415 2527 554 2581 aoristum.
588 2523 635 2580 ῩἩ
651 2527 693 2581 ὅτι
718 2525 779 2581 οοῗδὶ
806 2527 837 2580 ro'
862 2547 883 2592 ψ
906 2532 962 2582 lorl
982 2525 1222 2599 χαρακτηριοτινόν
1248 2531 1299 2580 τοῦ

245 2616 398 2672 ἐνεστῶτος·
427 2611 473 2666 ουόι
500 2611 553 2684 ripa
581 2619 650 2668 lotis
678 2609 799 2682 triariis,
831 2610 898 2668 ἄλλα
927 2621 1004 2680 μέσος
1032 2612 1154 2688 ἀόριστος
1180 2622 1298 2686 πρῶτος·

246 2698 318 2768 dom,
338 2695 461 2769 ἆψάοθω,
480 2699 592 2768 ipanus,
613 2700 784 2766 ἆψὰοθωοαν.
820 2705 932 2770 Excidit,
952 2706 979 2758 ui
992 2705 1080 2768 fallor,
1099 2725 1297 2761 commemora·

245 2789 282 2843 tio
301 2789 398 2843 vocalis
415 2800 541 2844 mutatae.
578 2790 651 2860 Quid
671 2793 807 2863 apertius?
849 2795 885 2846 Ar
903 2793 1022 2865 Heynius
1041 2793 1099 2848 Vlll
1125 2814 1150 2864 p.
1169 2794 1222 2848 740
1244 2794 1296 2848 Ze·
1367 2796 1371 2802 ’

247 2874 341 2930 nodoti
365 2877 445 2947 perba
473 2879 578 2931 turbata
604 2899 658 2934 esse
686 2880 765 2948 dicit,
794 2881 841 2952 qui
860 2900 910 2953 pro
926 2881 1083 2952 imperativo
1106 2893 1153 2936 aut
1175 2878 1298 2938 habuerit

187 2992 192 3006 ›
245 2960 357 3028 ῧψοαθο,
380 2975 426 3019 aut
452 2964 545 3036 legerit
563 2963 667 3032 ἶν’ψασθε
687 2969 721 3022 ab
738 2965 853 3040 α’ψιὶμην.
897 2968 1021 3041 Spitrner
1045 2987 1108 3022 vero
1131 2970 1164 3024 ad
1183 2991 1219 3035 u,
1243 2971 1297 3026 704

244 3051 361 3104 seribere
381 3071 436 3106 non
462 3052 605 3122 dubitarit,
627 3057 812 3124 Zenodotum,
839 3056 983 3128 Ephesium
1008 3057 1137 3118 nimirum
1162 3059 1295 3124 criticum,

243 3139 290 3193 illo
308 3139 368 3194 loco
385 3139 529 3197 Homerico
548 3143 649 3199 dedisse
670 3142 782 3208 ὅψαοθι.
828 3145 1036 3218 ΕνρΙίαοιίοαοαι
1064 3146 1168 3202 formae
1191 3148 1308 3202 stnlorr'

243 3227 461 3301 Etymologieum
487 3251 516 3284 ex
533 3233 674 3289 Zenodoto
694 3232 788 3303 (οὕτως
812 3221 886 3308 εὗρον
909 3239 935 3288 ἰν
959 3237 997 3304 τῷ
1015 3234 1175 3304 Ζηνοδότου)
1199 3234 1294 3302 hausit,

244 3355 524 3372 Μ

294 3427 341 3490 54)
359 3425 414 3482 Ubi
433 3449 484 3500 pro
503 3429 627 3498 ἀγχίαλον
644 3431 781 3502 Ἀντρῶνα
800 3434 943 3506 legendum
960 3432 1088 3506 α’νχνᾶλην
1105 3431 1129 3486 τ’
1147 3431 1292 3506 Ἀντρῶνα.

297 3498 343 3560 55)
360 3500 446 3564 „Nam
464 3514 523 3574 post
542 3505 687 3559 llerodiani
713 3509 871 3560 memoriam
897 3508 985 3562 vixisse
1009 3509 1089 3561 istum
1108 3506 1243 3578 colligitur
1264 3528 1292 3559 er

242 3567 285 3652 Et.
304 3567 342 3619 Μ.
362 3571 466 3653 ριὶ1134,
485 3573 527 3627 56.
546 3575 615 3640 238,
634 3577 677 3631 28.
697 3577 759 3643 539,
789 3578 904 3642 ἰη.646,
924 3579 960 3636 20
979 3599 1018 3650 sq.
1062 3579 1167 3632 Deinde
1193 3578 1293 3632 caluit

218 3640 311 3723 Albus
331 3639 445 3722 efudrtto
463 3644 618 3717 ingeniique
636 3648 753 3714 indoles,
773 3660 816 3717 ut,
839 3669 923 3720 quum
942 3651 1061 3722 proxime
1079 3651 1187 3704 accedat
1206 3651 1239 3703 ad
1258 3651 1293 3702 si-

242 3710 421 3774 militudinem
435 3718 651 3784 Byzantinorum
667 3731 728 3788 prust
748 3721 917 3774 cuoeroboso'
935 3741 1030 3777 aevum
1047 3722 1293 3792 grammaticorum,
1341 3727 1344 3735 ¹

241 3784 280 3835 vir
300 3781 414 3835 multum
434 3785 467 3838 ab
485 3789 633 3842 eorundem
653 3802 736 3844 aetate
755 3791 869 3846 abluisse
888 3785 1036 3848 censendus
1054 3793 1102 3846 sit'

296 3853 342 3919 56)
362 3854 431 3908 Mire
448 3857 491 3910 hic
515 3859 621 3916 aberrat
639 3862 757 3933 lleynius
774 3865 811 3933 (V
832 3885 857 3936 p.
875 3865 953 3931 290):
979 3864 1173 3936 „Etymologus
1192 3861 1293 3935 astipu-

241 3925 313 3978 latur
331 3925 493 3996 Apolloni03
512 3931 659 3987 adiectum:
686 3929 754 3986 οὕτω
773 3937 928 4004 Ζηνόδοτος.
970 3938 1060 3990 Potest
1084 3937 1106 3990 is
1124 3955 1177 3990 esse
1193 3937 1293 4002 iunior,

241 3997 444 4051 Alexandrinus.
482 4003 582 4055 Verum
602 4016 657 4058 turn
677 4006 745 4059 alius
760 4006 921 4077 Apollonius
942 4027 997 4062 esse
1017 4008 1109 4071 debet,
1129 4007 1172 4060 cui
1191 4007 1212 4060 is
1230 4007 1293 4058 asti-

241 4067 329 4192 pulari
348 4088 375 4122 se
393 4070 471 4136 dicit,
497 4093 552 4126 non
573 4075 719 4147 Dyscolus‚
746 4089 844 4137 aetate,
868 4091 898 4132 ut
917 4081 1032 4148 ridetur,
1056 4077 1193 4132 inferior.”
1236 4076 1293 4130 Cur

266 4141 410 4196 enodoturn
421 4141 576 4200 Herodiano
594 4149 728 4203 iuniorem
745 4149 893 4222 intelligere
907 4151 1003 4221 noluit,
1022 4169 1103 4224 quern
1122 4150 1202 4205 rerba
1221 4149 1292 4204 clare

239 4211 444 4268 demonstrant?
