2880 4888
656 349 703 420 51

158 533 220 590 442.
246 555 268 600 ο,
286 533 356 600 333)
382 543 518 589 testantur.
556 531 598 586 cf.
618 531 735 586 Eustatb.
764 552 791 604 p.
811 532 888 600 1018,
907 534 949 590 58.
995 537 1163 594 Aristonicus
1188 547 1215 606 β,

160 621 227 678 527:
245 617 284 672 ‘H
301 623 399 690 διπλῆ,
416 615 458 673 iias
474 625 541 680 τιιλς
565 625 618 672 τῶν
644 624 772 690 νεωτέρων
796 617 940 686 ἀνέγνωσαν
958 620 1022 677 rio
1048 623 1082 685 ric
1109 626 1215 700 ἄρθρου

159 705 241 772 ἔντος,
258 703 314 760 εἶτα
330 707 425 779 Ἰλῆος·
442 703 632 778 3·δλ“ομι]ρος
650 702 697 759 oris
714 709 752 776 τῷ
768 710 861 774 &Myer
873 707 1030 782 τδιὈϊλῆα.
1068 711 1112 768 Cf.
1140 734 1164 768 c.
1182 715 1215 768 ΙΙ.

161 798 237 868 Legit
255 797 337 869 igitur
352 793 367 850 d
386 794 470 865 Ἰλῆος
490 797 571 863 τάχος
588 798 659 854 Αἴας
682 794 735 848 sive
752 795 807 854 υἱός
825 801 862 862 (β,
882 796 944 852 527.
965 799 1025 854 ῗ27.
1043 822 1067 867 ν,
1085 800 1129 856 66.
1149 803 1212 859 701,

160 887 181 950 λ,
196 885 259 940 442.
277 883 339 940 520.
359 903 384 954 ρ,
402 883 463 941 250.
483 902 513 951 ψ,
532 883 594 940 473.
612 882 675 938 488.
693 884 754 939 754.
775 883 856 951 758),
873 880 905 954 ἢν
923 883 959 950 ἔχ’
977 883 991 936 o‘
1009 885 1090 947 Ἰλιὺς
1108 910 1130 956 e,
1151 889 1214 947 697.

160 993 183 1037 ο,
201 969 276 1037 330).
309 975 343 1038 Β,
362 971 416 1028 728
433 971 490 1024 sine
508 966 661 1025 dubt03v‘nt
679 967 852 1040 ’ltprdedin
884 991 934 1043 pro
958 971 1016 1044 ἦτοι
1040 972 1117 1039 ipis
1134 977 1216 1038 ιόθος

159 1057 215 1118 υἱός
234 1056 334 1128 Ὀιλῆος
352 1064 434 1112 θείοιο
454 1063 486 1124 (ι,
505 1058 566 1114 694.
587 1079 608 1127 ο,
627 1057 709 1126 331),
735 1079 790 1131 quo
809 1078 885 1114 versu
904 1059 1072 1120 Aristonicus
1089 1065 1217 1120 Zenodo-

161 1158 218 1200 tum
237 1145 348 1199 refutari
365 1146 444 1211 dicit,
468 1142 526 1214 ἢτοι
548 1149 594 1218 μὲι
616 1143 697 1204 νόθος
721 1143 776 1204 viic
802 1142 915 1216 ὁἸλῆος
935 1153 1029 1215 θείοιο,
1058 1169 1108 1222 pro
1128 1149 1215 1204 αὐτίκ’

160 1229 296 1304 Ὀϊλιάδην
313 1235 359 1300 (μ,
375 1231 443 1302 305)
462 1230 548 1285 osiris’
566 1229 608 1304 ἄρ’
625 1231 757 1304 Ἰλιάδρν,
778 1254 828 1306 pro
846 1232 924 1296 κὸψεν
943 1231 1080 1306 Ὀϊλιάδης
1097 1241 1131 1306 (r,
1147 1239 1215 1307 203)

160 1322 223 1384 κόψε
240 1319 292 1391 reip
310 1317 435 1390 Ἰλιάδος,
463 1341 512 1393 pro
531 1319 587 1373 orid’
604 1319 646 1393 ἄρ’
662 1318 786 1392 Ὀϊλιάδῃ
804 1325 837 1389 (r,
858 1322 939 1389 712),
970 1323 1123 1379 Aristonico
1142 1338 1215 1394 teste,

160 1406 218 1461 ἀλλ’
235 1404 281 1460 οὐκ
300 1403 402 1479 Ἰλιὰδῃ
422 1418 449 1462 et
466 1428 516 1480 pro
533 1405 668 1478 Ὀϊλιάδης
694 1413 727 1477 (ξ,
745 1409 808 1464 440.
827 1430 856 1476 n,
873 1407 941 1478 330)
960 1405 974 1460 ὅ
991 1407 1116 1482 Ἰλιόδης.
1152 1414 1214 1467 Du·

162 1496 228 1550 bites
246 1495 279 1549 de
297 1515 373 1550 versu
392 1498 416 1562 λ,
436 1494 483 1552 93:

328 1582 436 1650 Aziris,
452 1585 539 1636 iirssdo
557 1581 583 1635 δ’
603 1585 706 1655 ἑταῖροι
725 1583 819 1654 Ὀϊλῆα
839 1583 996 1654 πλήξιππον,

162 1689 246 1744 quum
265 1669 309 1726 hic
327 1672 435 1737 non-de
455 1670 542 1726 Aiacis
561 1685 639 1745 patre¹
655 1661 717 1744 agat
736 1684 829 1744 poeta,
859 1691 1023 1744 quamquam
1044 1673 1087 1727 hic
1106 1693 1215 1746 quoque

162 1757 236 1828 Ἰλῆο
256 1759 347 1813 nescio
373 1779 427 1832 quo
451 1760 534 1816 modo
561 1760 712 1814 restitutum
731 1759 901 1814 Zenodotum
920 1761 1050 1816 inrenisse
1068 1775 1113 1816 aut
1132 1766 1217 1818 corri-

162 1847 250 1919 gendo
268 1848 385 1902 intutisse
402 1851 531 1922 suspicor.
567 1849 638 1902 Num
657 1849 762 1922 scripsit
779 1849 882 1920 ἑταῖροι
900 1847 936 1901 ἕλ’
949 1846 1039 1920 Ἰλῆιιλ
1075 1850 1218 1922 Largium,

161 1935 208 2007 qui
226 1935 409 1990 Aristarchum
433 1939 517 1993 nimio
543 1938 647 1992 articuli
674 1957 703 1992 ex
721 1939 840 1991 Homero
870 1937 980 1991 tollendi
1006 1937 1093 1993 studio
1112 1949 1215 1992 motum

161 2043 212 2093 pro
226 2020 345 2083 'lissiae
369 2027 523 2080 coniectura
549 2027 650 2098 ubique
667 2020 768 2084 ’Ot'ioir
799 2025 931 2095 scripsisse
959 2025 1103 2080 arbitratur
1126 2023 1173 2092 (ΙΙΙ
1192 2049 1217 2099 p.

163 2111 196 2166 12
223 2115 290 2183 sq.),
317 2123 388 2166 recte
412 2115 536 2168 refutarit
552 2114 670 2166 Faerber
694 2114 712 2165 Ι.
732 2114 750 2165 Ι.
777 2133 804 2182 p.
824 2111 877 2166 622
896 2133 935 2182 sq.
981 2112 1075 2178 Quum
1101 2125 1216 2185 utraque

162 2201 249 2253 forma
266 2201 295 2253 in
307 2200 416 2254 Homeri
436 2213 502 2254 esset
513 2200 682 2264 editionibus,
701 2197 868 2252 Aristarchus
883 2197 1029 2268 genuinam
1048 2199 1119 2251 recte
1137 2219 1217 2269 prae·

163 2287 231 2340 tulit.
278 2285 440 2355 Hesiodum,
462 2286 645 2341 Stesichorum
665 2295 691 2339 et
710 2284 858 2338 Pindarum
876 2285 964 2338 forma
984 2281 1063 2344 Ἰλεύς
1081 2305 1143 2340 usos
1164 2307 1218 2340 esse

163 2372 283 2426 diximus.
446 2377 450 2385 “

218 2458 397 2514 Transeamus
414 2461 447 2515 ad
466 2463 575 2515 nomino
591 2461 770 2532 appellativa,
819 2459 928 2532 Κρητᾶς
955 2461 1048 2517 habuit
1064 2463 1219 2518 Zenodotus

164 2565 191 2612 οι,
208 2545 263 2602 530
281 2558 321 2614 et,
347 2549 374 2601 ni
394 2547 488 2616 fallor,
518 2551 643 2604 omnibus
668 2549 748 2616 iocis,
775 2550 872 2620 quihus
894 2570 969 2605 nunc
994 2551 1103 2620 κρατός,
1133 2559 1219 2623 κρατί,

163 2637 262 2703 κρᾶτα,
281 2640 374 2704 aporia
390 2636 500 2708 iegitur,
526 2635 636 2710 ιρητὸς,
661 2645 752 2709 eppei,
776 2641 878 2708 κρῆτα,
903 2643 994 2709 appuis
1012 2639 1099 2707 dedit,
1122 2659 1219 2712 quam-

163 2740 245 2794 quam
264 2719 392 2791 ιρὰοτος,
420 2723 530 2794 ιραάτι,
556 2725 660 2796 apriano
689 2726 784 2780 tollere
808 2746 863 2780 non
889 2728 984 2798 potuit.
1033 2727 1108 2780 Talia
1127 2728 1218 2782 Zeno-

163 2809 218 2863 doti
236 2808 371 2864 licentiam
391 2821 490 2866 temere
508 2814 535 2866 in
553 2813 701 2868 Homerum
720 2815 883 2868 transtulisse
901 2827 931 2870 ut
950 2815 1072 2883 credam,
1097 2817 1218 2870 animum

163 2897 291 2951 inducere
309 2917 364 2951 non
385 2920 501 2971 possum.
538 2902 640 2956 invenit
658 2902 724 2956 haec
741 2903 896 2956 Zenodotus
913 2903 941 2956 in
960 2903 1098 2957 nonnullis
1116 2905 1219 2958 codici-

163 2985 226 3052 bus,
254 2984 299 3060 sed
318 2985 485 3042 Aristarchus
510 3011 565 3044 non
591 2993 648 3044 sine
666 2991 976 3046 librorumauctoritate
994 2993 1139 3064 genuinam
1160 2993 1217 3045 ΙΙο-

162 3091 238 3126 mero
256 3072 367 3128 restituit
386 3076 546 3145 formam4).
588 3076 763 3136 Contrarium
787 3078 866 3133 huius
890 3079 994 3132 formae
1013 3080 1092 3133 nimis
1110 3080 1217 3144 Ionicae

163 3160 321 3232 exemplum
338 3173 376 3216 est
403 3159 454 3240 doc
479 3181 528 3237 pro
553 3162 616 3234 ἠοῦς
637 3165 754 3232 QUO,
782 3166 854 3236 quod
873 3165 1006 3238 Zenodoti
1034 3177 1217 3219 commentum

163 3251 218 3302 ess'e
237 3249 342 3320 nequit;
373 3269 464 3303 rerum
483 3251 562 3306 lectio
581 3262 619 3304 est
644 3271 659 3305 a
679 3251 818 3304 nonnullis
844 3249 919 3304 libris
940 3251 1051 3316 tradita,
1076 3251 1122 3302 sed
1147 3263 1218 3305 reete

216 3445 247 3516 4)
264 3447 383 3521 Heynius
406 3449 455 3516 (IV
480 3471 506 3523 p.
528 3451 590 3516 142)
616 3451 786 3506 Zenodotum
817 3449 907 3503 multis
939 3447 990 3502 illis
1018 3447 1085 3503 iocis
1108 3451 1218 3504 refutari

153 3524 155 3532 ’
183 3538 241 3574 osse
261 3533 364 3587 censet,
389 3523 486 3595 quibus
501 3511 634 3577 Homerus
657 3524 751 3577 formis
768 3521 878 3592 κροτὸς,
905 3527 995 3588 κρατί,
1022 3523 1107 3590 κρᾶτα
1126 3524 1218 3577 utitur.

162 3539 308 3663 bangius!
328 3613 352 3666 p.
372 3593 404 3648 15
423 3614 472 3666 sq„
491 3607 520 3648 ut
538 3594 632 3666 κρητδς
651 3595 843 3650 restituendum
863 3613 918 3647 esse
936 3593 1115 3662 demonstret,
1142 3615 1219 3648 com-

164 3674 241 3734 parat
258 3661 325 3715 ιατιλ
345 3669 450 3734 κρῆθεν,
469 3665 601 3738 κατάκρης
618 3668 683 3734 sive,
702 3678 731 3720 ut
750 3665 873 3720 nonnulli
892 3664 1040 3730 voluerunt,
1060 3664 1127 3719 ιατολ
1146 3671 1219 3735 ιρὴς,

163 3729 338 3803 ιρῆ-δεμιοι
356 3748 382 3788 et
400 3736 481 3808 κρήνη
499 3750 582 3808 caput
601 3757 699 3811 aquae.
745 3737 782 3791 Ut
801 3738 834 3790 de
857 3737 925 3789 mira
944 3757 967 3790 v.
986 3734 1067 3808 ιρήιη
1086 3738 1219 3808 etymolo-

164 3805 207 3876 gia
226 3815 327 3863 taceam
347 3807 397 3876 (cs.
417 3809 496 3863 Pottii
516 3821 617 3882 quaest.
637 3808 746 3881 etymol.
766 3809 788 3860 ΙΙ
807 3828 834 3880 ρ.
853 3808 934 3875 182),
955 3807 1130 3862 haecomnia
1150 3807 1220 3860 maie

164 3878 319 3948 comparari
335 3885 425 3950 patet,
441 3900 524 3951 quum
544 3879 630 3934 thema
650 3901 672 3934 r.
691 3879 755 3950 ιρολς
774 3880 840 3946 sive,
859 3879 879 3934 si
898 3879 938 3932 dis
956 3879 1059 3952 placet,
1078 3876 1141 3950 ιρής
1161 3899 1217 3931 non

164 3949 196 4001 sit
211 3949 263 4014 ι’ριι
280 3951 332 4002 sive
351 3971 415 4020 xpp,
433 3953 476 4004 sed
497 3973 563 4022 ορατ
584 3973 605 4004 s.
623 3971 698 4021 κρητ.
742 3951 839 4004 Omisit
858 3951 989 4024 Longius,
1015 3949 1087 4022 quod
1105 3951 1219 4016 mireris,

164 4039 208 4072 eas
228 4019 346 4087 formas,
372 4024 468 4093 quibus
486 4022 581 4092 quric
600 4025 684 4077 multo
704 4023 790 4094 aptius
808 4024 951 4076 defendere
969 4021 1070 4093 potuit,
1096 4018 1218 4090 κάρητος,

164 4088 274 4160 κάρητι,
296 4113 364 4164 quae
383 4095 435 4148 iam
454 4107 516 4148 ante
533 4095 719 4160 Zenodotum,
739 4106 769 4149 ut
787 4095 897 4165 ιρητὸς,
917 4099 995 4164 κρηιλ
1011 4105 1218 4161 reponerentur,

165 4176 316 4219 moverunt.
363 4164 406 4220 Cf.
426 4186 495 4238 quoe
515 4178 608 4222 contra
630 4165 762 4238 Langium
782 4169 887 4221 monuit
905 4165 1023 4218 Faerher
1042 4163 1059 4218 Ι.
1077 4163 1093 4216 l.
1112 4185 1137 4236 p.
1156 4164 1218 4220 621.

954 4252 991 4306 4*
