2880 4888
743 397 764 470 2
796 469 806 491 .

235 586 410 660 priorumque
428 585 583 640 criticorum
603 586 748 662 scripturas
766 586 867 638 maiore
889 605 952 639 cura
973 585 1162 660 diligentiaque
1182 588 1285 642 ridetur

179 729 183 740 .
234 676 395 729 recensuisse
414 686 494 746 atque
513 674 673 727 examinasse
686 673 730 740 ὅ),
748 673 821 727 unde
838 673 876 726 illi
896 674 986 732 omnia
1008 676 1149 738 dehemus,
1168 675 1283 748 quaein

232 760 271 815 his
289 761 403 815 Scholiis
421 762 454 814 de
473 762 633 815 editionibus
649 761 818 814 Zenodotum
839 759 1061 831 praecedentibus
1080 773 1232 826 narrantur,
1255 773 1284 815 ut

231 850 264 902 de
282 850 330 914 iis,
349 869 418 920 quae
435 851 567 901 πολιτικαὶ
585 850 726 913 dicuntur,
746 848 778 902 de
799 847 958 902 Antimacho
976 848 1088 921 aliisque
1097 849 1132 916 4).
1168 850 1211 904 De
1229 850 1283 903 tte-

231 937 335 991 rodiani
352 933 454 1007 Ἰλιακῇ
472 940 603 1008 προςῳδίᾳ
616 937 652 1006 ⁵),
672 957 757 1010 equa
771 937 840 990 duae
858 947 961 990 tantum
975 948 1054 990 notae
1065 937 1097 989 ad
1111 937 1281 991 Zenodotum

178 1016 181 1022 ¹
218 1027 395 1097 'pertinentes
413 1037 529 1078 servatae
548 1037 608 1080 sunt
628 1019 732 1092 (Schol.
751 1045 778 1090 re,
797 1023 849 1079 567
868 1035 893 1078 et
912 1046 934 1089 s,
952 1022 1030 1092 450),
1051 1036 1076 1077 et
1094 1025 1126 1076 de
1143 1025 1282 1078 Nicanoris

230 1114 300 1167 libro
319 1120 377 1184 sript
403 1117 451 1183 τῆς
468 1111 612 1182 Ὁμηρικῆς
631 1115 740 1182 στιγμῆς
756 1113 800 1179 ⁶),
831 1112 874 1166 cui
897 1111 925 1164 in
950 1111 1000 1166 hac
1017 1111 1170 1165 Zenodotea
1197 1131 1280 1184 quae-

229 1203 315 1255 stione
335 1201 400 1254 nihil
419 1201 563 1266 debemus,
582 1200 625 1254 hic
645 1220 699 1254 non
718 1220 836 1272 agamus.

281 1289 343 1342 Non
369 1290 415 1341 diu
443 1300 504 1359 post
529 1287 675 1342 Herodiani
702 1299 813 1342 aetatem
845 1287 1031 1341 collectionem
1053 1285 1224 1340 scholiorum
1251 1305 1280 1340 ex

229 1379 387 1445 Aristonici,
413 1376 541 1448 Didymi,
565 1376 710 1429 Herodiani
737 1377 766 1428 et'
788 1375 928 1429 Nicanoris
953 1375 1027 1428 libris
1051 1387 1199 1446 susceptam
1225 1393 1279 1429 esse

227 1464 350 1522 Lehrsius
368 1468 409 1536 (p.
428 1463 477 1534 35)
497 1465 602 1530 statuit,
629 1464 674 1518 sed
700 1477 820 1536 ternpore
845 1463 973 1536 gliscente
992 1463 1107 1536 plurima
1130 1464 1180 1518 alia
1200 1483 1214 1515 e
1233 1484 1277 1517 re·

226 1554 390 1608 cautioribus
421 1553 630 1610 commentariis.
644 1552 794 1606 Homericis
821 1553 932 1624 aliisque
962 1553 1067 1624 scriptis
1095 1543 1152 1607 esse
1173 1552 1279 1607 inserta.

226 1640 313 1693 Aliam
333 1660 421 1711 nuper
441 1641 552 1710 protulit
570 1642 729 1694 sententiam
755 1641 920 1696 acutissimus
938 1638 1068 1712 Berglrius
1091 1641 1119 1692 in
1139 1657 1277 1693 commen-

225 1727 325 1779 tatione
346 1727 378 1778 de
399 1726 486 1780 tabula
506 1726 584 1779 llioca
605 1727 755 1794 Parisiensi,
776 1731 837 1800 qui,
856 1740 986 1799 quantum
1006 1749 1021 1781 e
1039 1729 1131 1781 notitia
1148 1728 1175 1780 in
1194 1726 1275 1797 ephe-

225 1831 290 1864 mer.
309 1814 376 1866 stud.
394 1814 517 1885 antiquit.
540 1814 608 1870 1846
634 1835 659 1887 ρ.
677 1815 711 1870 93
732 1817 801 1888 (ipsa
827 1817 899 1869 enim
919 1816 1143 1870 commentatione
1163 1815 1199 1868 uti
1218 1834 1273 1868 non
1312 1833 1321 1844 ·

224 1901 314 1967 licuit)
335 1899 471 1972 intelligo,
499 1901 565 1955 haec
584 1902 689 1956 Scholia
716 1923 785 1977 opus
808 1923 863 1958 esse
881 1904 990 1959 coniicit
1009 1904 1121 1976 Apionis
1145 1914 1171 1956 et
1188 1902 1274 1955 liero-

224 1989 299 2053 dori,
318 2007 405 2062 equo
424 1988 539 2060 plurima
558 1990 733 2064 desumpserit
752 1992 911 2046 Eustathius.
958 1995 992 2046 At
1012 1993 1072 2057 illa,
1091 2011 1160 2063 quae
1178 1990 1273 2043 Eusta-

223 2078 294 2132 thius
310 2089 401 2143 vocat,
423 2077 531 2132 Scholia
552 2080 665 2150 Apionis
684 2094 709 2136 et
726 2081 858 2135 Herodoti
872 2083 898 2149 l)
923 2081 1039 2154 genuina
1064 2101 1193 2134 essenon
1212 2099 1274 2152 pos·

222 2176 299 2230 sunt,
318 2184 402 2237 quum
421 2163 566 2219 Herodiani
585 2178 610 2221 et
627 2167 767 2222 Nicanoris
784 2180 860 2224 notas
876 2169 1027 2223 Eustathius
1041 2169 1067 2222 in
1086 2169 1118 2221 iis
1135 2165 1273 2239 legerit⁸),

224 2270 364 2324 quumque
382 2252 543 2320 Aristonici,
572 2251 698 2328 Didymi,
723 2257 868 2311 Herodiani
894 2269 920 2311 et
936 2257 1077 2311 Nicanoris
1095 2256 1206 2308 nomina
1225 2256 1275 2309 illis

221 2339 335 2392 Scholiis
351 2359 405 2411 non
424 2342 538 2416 ascripta
558 2343 636 2396 luisse
654 2365 682 2397 ex
704 2347 762 2416 ipso
781 2345 933 2416 Eustathio,
957 2345 1126 2398 Herodorum
1146 2357 1173 2399 et
1188 2343 1274 2416 Apio-

220 2443 284 2478 nem
305 2445 353 2498 pro
370 2425 422 2480 illis
442 2431 623 2499 grammaticis
640 2433 781 2500 laudante,
801 2447 888 2508 pateat
901 2437 935 2504 ⁹).
971 2433 1154 2502 Eustathium,
1173 2435 1205 2487 de
1224 2454 1272 2487 cu·
1353 2467 1360 2479 =
1432 2429 1433 2460 ³

219 2514 261 2568 ius
279 2515 399 2568 lontibus
416 2519 470 2589 egit
490 2518 681 2575 Valckenarius
699 2523 781 2595 (put
795 2525 862 2598 sq),
879 2545 933 2578 non
954 2523 1057 2590 iisdem,
1076 2523 1173 2596 quibus
1185 2522 1272 2576 Scho-

224 2629 498 2642 ————-——-

273 2697 303 2768 3)
322 2695 363 2751 Cl.
388 2697 478 2754 Lehrs.
503 2723 529 2773 p.
551 2703 584 2759 18
602 2725 660 2776 sqq.
675 2693 807 2763 ttluetzett.
836 2730 861 2779 p.
880 2709 932 2765 289
952 2729 991 2781 sq.
1009 2705 1190 2760 Graelenhan.
1214 2707 1268 2778 lp.

218 2769 271 2825 4115
287 2789 347 2841 sqq.
375 2770 399 2822 ll
428 2793 453 2844 p.
472 2774 507 2828 44
525 2794 583 2846 sqq.
608 2777 788 2832 Bernhardius
817 2781 890 2845 (hist.
914 2783 960 2834 litt.
986 2799 1074 2851 graec.
1099 2777 1122 2831 ll
1148 2797 1174 2850 p.
1195 2780 1269 2843 114),

219 2842 419 2907 Aristonicum,
449 2865 529 2916 quem
558 2867 619 2900 cum
645 2849 756 2904 hehrsio
781 2852 892 2923 Didymi
918 2864 943 2906 et
968 2850 1107 2906 Strabonis
1130 2851 1268 2922 aequalem

216 2913 297 2966 fuisse
316 2925 452 2983 autumat,
471 2916 580 2989 Didymi
600 2939 669 2992 opus
687 2922 847 2994 supplevisse
866 2925 955 2978 dicere
976 2943 1030 2976 non
1050 2922 1177 2986 debehat,
1196 2922 1269 2994 quod

219 3004 268 3037 cur
286 2995 446 3052 statuamus,
466 2999 495 3041 ut
513 3003 625 3044 aetatem
645 2993 740 3046 horum
755 2997 993 3067 grammaticorum
1009 2994 1115 3046 missam
1130 2994 1269 3061 faciamus,

217 3056 319 3110 nullam
338 3055 463 3110 idoneam
484 3060 558 3114 rideo
579 3083 694 3116 causam.

270 3128 303 3195 4)
322 3125 364 3180 Cl.
381 3128 471 3183 Schol.
489 3133 596 3199 χ,108.
616 3154 645 3201 w,
663 3133 707 3191 88.
727 3155 756 3200 ω,
776 3135 826 3198 71,
851 3135 896 3188 ubi
916 3135 1027 3207 Didymi
1045 3135 1124 3187 recha
1150 3153 1164 3186 a
1184 3131 1215 3186 vo*
1238 3137 1268 3187 dl

216 3200 356 3324 lgwf'
374 3200 516 3274 incipiunt.
535 3206 565 3271 Ξ,
585 3207 639 3262 418
658 3219 684 3260 et
707 3228 733 3272 τ,
752 3207 786 3262 56
807 3207 917 3278 Didymi
937 3220 1029 3261 uotam
1054 3206 1211 3262 coniunctio
1239 3210 1268 3260 st

215 3291 229 3326 a
250 3283 344 3342 iungit.
402 3290 405 3296 ’

217 3344 299 3467 1005)
322 3341 494 3468 (ΞὲῃῗίΙΙοίεο
518 3367 544 3418 p.
562 3347 654 3404 XXXl.
672 3347 761 3402 Lehrs.
788 3343 870 3420 ρ.’34
889 3368 928 3421 sq.
969 3347 1150 3404 Graelenhan.
1183 3347 1219 3400 lll
1239 3368 1266 3420 p.

285 3433 324 3482 sq.
400 3453 406 3466 .

268 3481 299 3549 6)
318 3482 360 3535 Cl.
379 3483 560 3542 Graelenhso.
576 3491 611 3542 lll
631 3511 657 3560 p.
678 3491 712 3546 94
731 3511 769 3562 sq.

268 3555 299 3620 7)
319 3553 361 3607 Cl.
380 3555 454 3609 Eust.
478 3579 504 3623 χ,
524 3561 559 3615 tt
579 3581 604 3632 p.
626 3563 703 3627 1257,
722 3563 767 3616 54.
795 3561 829 3613 Οἱ
853 3564 974 3626 παλαιοί,
1003 3559 1082 3632 r'y'ysur
1100 3560 1198 3616 'Anius
1221 3567 1266 3614 sut

212 3619 378 3695 Ἡρόδωρος,
398 3625 469 3679 idem
489 3631 553 3685 dicit
570 3652 598 3697 n,
613 3632 674 3686 558.

265 3694 298 3760 8)
319 3695 400 3763 Quod
422 3699 543 3754 hebrsius
562 3723 588 3773 p.
609 3703 660 3758 386
680 3723 737 3775 sqq.
756 3703 954 3757 demonstrarit.

261 3766 297 3850 11)
317 3766 358 3818 De
380 3768 486 3840 Apione
505 3774 538 3828 cl.
559 3774 662 3828 hehrsii
679 3777 827 3829 dissertatio
845 3776 856 3828 l
875 3778 1061 3844 quaestionum
1082 3775 1218 3844 epicorum
1239 3785 1265 3828 et

211 3837 244 3890 de
260 3837 307 3890 rllo
326 3837 413 3904 libro,
437 3861 492 3911 quo
510 3844 662 3900 Euststhius
680 3867 744 3900 usus
761 3858 816 3912 est,
841 3845 1034 3902 Valckenarius
1052 3848 1085 3900 de
1104 3845 1218 3900 Scholiis
1236 3847 1265 3900 in

212 3909 361 3961 Homerum
380 3910 484 3966 ineditis
504 3936 529 3983 p.
550 3917 599 3971 146
617 3939 675 3990 sqq.
713 3919 803 3988 Apion
823 3917 948 3972 laudatur
965 3920 993 3972 in
1006 3919 1095 3972 Schol.
1116 3922 1139 3972 A
1158 3941 1184 3984 y,
1202 3919 1264 3976 448.

210 4002 229 4044 s,
249 3978 310 4036 395.
329 4003 351 4043 κ,
369 3981 433 4050 252,
453 3985 479 4038 in
498 3986 590 4042 Schol.
614 3989 634 4042 B
654 3997 682 4053 β,
702 3991 743 4044 12·
762 3993 788 4055 d,
807 3990 869 4046 457-
889 4012 911 4057 ν,
932 3990 994 4047 546.
1010 3994 1035 4056 ξ,
1052 3989 1115 4053 216,
1134 3990 1161 4044 iu
1174 3989 1263 4044 Schol.

211 4052 236 4101 V
256 4069 284 4135 p,
297 4052 363 4118 409,
384 4054 411 4108 iu
429 4053 521 4111 Schol.
540 4060 560 4112 h
580 4063 605 4124 δ,
625 4060 687 4125 457,
705 4062 733 4112 in
752 4060 843 4116 schot.
861 4061 903 4115 br.
917 4073 942 4126 ἐ,
964 4061 1027 4119 453.
1065 4059 1132 4118 Totis
1148 4063 1263 4126 rium*

210 4142 337 4190 possano,
362 4121 442 4189 iham
460 4124 573 4184 ’Autm
601 4137 644 4182 siit
661 4129 826 4198 Ἡρόδωρον,
853 4130 888 4184 vri
908 4129 1033 4192 Ἀπίωνος
1051 4137 1096 4186 arsi
1110 4128 1265 4204 ‘Hpodu'pou

212 4213 282 4246 uuus
301 4194 390 4250 Schol.
412 4198 432 4250 h
451 4198 544 4270 hahet,
563 4204 587 4270 λ,
607 4203 659 4258 555
677 4214 703 4257 et
722 4223 744 4269 ο,
760 4203 821 4260 324.
