2896 4888
769 383 843 458 190

283 567 431 640 imaginum
448 568 524 642 sequi
545 587 599 623 non
612 579 726 639 poterat,
745 570 791 623 uhi
811 566 898 622 mino
910 569 1054 624 dicendum
1067 583 1132 631 erat.
1169 571 1212 627 Cl.
1230 591 1256 642 o,
1270 575 1335 633 400.

280 676 307 721 ν,
329 657 389 712 120.
425 657 467 710 De
485 657 572 728 clipeo
591 656 649 710 ride
666 657 801 729 lleyninrn
815 657 862 709 Vll
880 678 907 729 p.
922 658 985 715 522.
1003 649 1124 735 tssltsqq.
1160 662 1236 716 Adde
1256 663 1335 736 Gep·
1383 675 1393 684 '

283 757 389 816 portum
410 743 421 796 l
441 765 468 815 p.
489 745 522 801 ill
537 765 578 816 sq.

335 839 375 899 Φ,
394 831 449 888 538
466 851 507 905 sq.
524 831 680 887 Zenodotus
698 829 869 904 proscripsit,
888 850 943 884 uon
962 849 1019 886 roc.
1038 833 1102 896 φάος
1121 853 1176 888 non
1195 835 1334 902 intellecto

281 922 332 988 (cl.
351 939 431 990 supra
450 940 474 974 c.
494 920 547 987 ll),
569 921 614 974 scd
643 920 716 992 quod
736 921 835 993 Apollo
861 920 947 992 portis
968 921 1077 974 demum
1103 922 1225 988 reclusis,
1256 925 1333 994 quasi

281 1007 402 1079 alioquin
422 1008 516 1062 urbem
536 1007 659 1062 deserere
683 1025 739 1061 non
759 1019 861 1078 posset,
874 1007 1003 1061 ‘exsiliret
1020 1011 1153 1078 (itidem,
1178 1009 1253 1080 quod
1272 1029 1335 1062 rer-

282 1095 346 1147 hum
360 1095 412 1147 deo
428 1095 466 1147 ris
485 1095 599 1166 dignum
617 1096 661 1159 sit)
674 1095 723 1162 ⁸⁸),
741 1107 823 1166 atque
841 1093 929 1154 decise
945 1099 1048 1166 ἐξέθορε
1068 1097 1102 1150 de
1119 1095 1207 1150 hostili
1226 1097 1334 1168 impetu

280 1183 429 1250 diceretur,
454 1182 504 1236 nisi
523 1184 593 1236 sorte
611 1179 699 1241 «iniec
720 1183 814 1252 Tpeios
833 1201 913 1252 prare
930 1183 1076 1237 coniunxit.
1118 1183 1237 1255 lleynius
1257 1185 1334 1247 (Vlll
1440 1207 1441 1232 1

281 1291 307 1343 p.
324 1271 401 1335 211);
426 1270 610 1342 „improbarit
627 1269 697 1324 sorte
715 1269 952 1340 ambiguitatem”;
980 1281 1007 1324 st
1032 1271 1101 1326 idem
1121 1271 1278 1326 Zenodotus
1304 1271 1332 1325 in
1440 1259 1441 1324 l

279 1364 350 1411 τίθει
369 1356 434 1421 prior
452 1369 479 1410 et
495 1358 626 1412 similibus
644 1379 700 1411 non
721 1357 811 1410 haesit.
846 1357 978 1429 Equidem
998 1359 1165 1426 venusinus,
1183 1378 1251 1432 quos
1270 1381 1333 1412 mo·

280 1447 358 1500 lestos
377 1465 466 1519 neque
483 1448 545 1500 satis
563 1445 721 1500 Homericos
738 1463 793 1498 esse
813 1449 905 1517 negari
926 1448 1021 1519 nequit
1033 1446 1088 1515 ⁵⁴),
1116 1449 1150 1500 ah
1168 1463 1202 1500 eo
1219 1435 1334 1502 insertos
1440 1443 1441 1448 ¹

279 1555 334 1589 esse
354 1546 435 1606 pulo,
465 1535 510 1606 qui
539 1533 675 1607 quomodo
692 1533 793 1606 Apollo
809 1534 919 1587 'l'roiarn
946 1535 1085 1606 reliquerit
1108 1537 1250 1606 (compara
1278 1535 1334 1590 5l'l
1440 1549 1441 1552 ’

280 1644 338 1696 sqq.
358 1641 418 1676 cum
438 1622 491 1676 515
506 1623 594 1694 sqq),
619 1622 795 1677 desiderabat«
836 1622 872 1675 At
889 1641 912 1675 r.
931 1621 984 1677 511
1005 1642 1065 1694 sqq.
1084 1623 1119 1676 ita
1145 1641 1159 1676 e
1179 1641 1255 1676 more
1275 1622 1334 1674 llo-

280 1712 382 1764 merico
400 1710 547 1780 comparati
565 1721 642 1775 mot,
670 1721 699 1762 ut
717 1711 755 1762 ris
775 1709 894 1781 priorem
914 1709 1047 1780 Apollinis
1063 1709 1188 1763 Troianis
1203 1708 1333 1762 auxilium

280 1799 390 1852 ferentis
407 1797 570 1868 mentionem
589 1797 737 1852 admittunt.
781 1798 852 1852 Hinc
869 1797 1001 1852 Zenodoti
1025 1797 1155 1862 iudicium
1173 1815 1235 1851 cum
1256 1797 1335 1868 Gep-

281 1897 357 1955 perto
376 1884 471 1954 penho.
917 1927 919 1930 .
1312 1917 1315 1923 .
1440 1929 1441 1932 Ἴ

333 1971 388 2025 00.
404 1973 435 2036 d,
460 1968 568 2026 62-61
590 1971 761 2036 Zenodotur,
789 1971 979 2044 Aristophanes
1004 1983 1032 2026 et
1056 1971 1225 2026 Aristarchus
1251 1971 1331 2026 obelo

278 2071 417 2114 notarunt.
462 2060 632 2113 Zenodotum
659 2079 721 2114 roc.v
737 2064 808 2126 rison
827 2060 882 2123 his,
912 2079 999 2132 oeque
1018 2061 1110 2112 eedem
1134 2059 1332 2130 significatione

280 2151 395 2222 positum
412 2150 450 2216 (r.
469 2148 505 2204 02
521 2151 593 2219 sep),
611 2159 637 2202 et
656 2146 773 2201 sinitote
791 2150 858 2202 mire
876 2148 977 2201 dictum
989 2148 1045 2216 15),
1064 2160 1090 2202 et
1107 2145 1210 2215 ἀνδρῶν
1230 2147 1332 2217 repeti-

279 2251 335 2292 tum
355 2249 380 2290 et
399 2256 460 2290 cum
477 2233 609 2304 βασιλήιον
627 2237 822 2307 compositum,
840 2233 1011 2304 σκηπτούχων
1030 2246 1089 2307 post
1106 2238 1263 2300 «imperiose
1279 2239 1332 2298 βιο-

278 2323 373 2397 oetion
398 2325 509 2377 movisse
533 2325 662 2378 ridentur.
708 2323 798 2378 sobet.
822 2323 895 2394 apud
913 2322 1073 2376 Crumerum
1091 2322 1194 2376 Arrecd.
1214 2323 1276 2376 Per.
1295 2321 1331 2373 lll

278 2437 305 2489 p.
329 2414 394 2470 4392
428 2413 634 2482 Hpoqdrrmivrr
659 2417 702 2463 sol
732 2405 805 2480 aspri
823 2409 1024 2481 Ἀριστοφάνους
1051 2408 1261 2481 (Ἀριστοφάνει)
1286 2416 1332 2461 sol

278 2502 428 2573 Ζηνοδότου
447 2497 632 2568 (Zpsodirp)·
654 2497 689 2552 sd
707 2498 757 2569 γάρ
778 2507 881 2563 σφῶϊν
899 2496 947 2566 orig
964 2496 1112 2568 Ὁμηρικῶς
1128 2497 1331 2563 μονοουὶλοέβοος

277 2595 434 2660 μοτην1χοη,
452 2583 466 2638 ‘i
483 2609 511 2639 er
530 2588 632 2647 insessor
649 2594 701 2639 τῶν
721 2592 783 2639 νέων
802 2584 846 2638 orie
866 2584 1014 2652 ἀναγκαῖος.
1050 2585 1181 2639 Zenodoti
1201 2581 1331 2654 dlllrposs
1440 2601 1441 2622 ¹

277 2678 390 2730 omnino
409 2676 503 2747 probo.
545 2675 588 2728 cf.
605 2696 631 2736 ο,
654 2674 704 2732 123
722 2695 761 2747 sq.
778 2697 804 2742 r,
820 2675 865 2730 7⁰.
910 2674 1050 2728 Genitiros
1069 2671 1171 2745 ἀνδρῶν
1188 2693 1203 2727 e
1221 2676 1255 2740 d,
1280 2672 1333 2729 138
1440 2701 1441 2708 ¹

278 2765 347 2818 male
366 2763 463 2817 inlatus
481 2763 597 2831 ridetur,
617 2763 661 2816 uhi
681 2763 731 2817 alia
748 2775 898 2818 structurae
913 2763 983 2816 ratio
1002 2775 1049 2817 est.

332 2851 386 2907 Od.
405 2853 431 2916 d,
451 2849 519 2904 353:

443 2937 477 2990 Oi
494 2933 521 2990 δ’
540 2941 589 2990 olel
607 2936 733 3002 notitam
753 2941 811 2990 θεοὶ
829 2939 980 3006 μεμνῆσθαι
998 2939 1134 2998 lerenius.
1440 2991 1441 3004 ,

177 3021 181 3028 ¹
278 3027 380 3084 schol:
412 3028 557 3098 Zprddorur
575 3027 679 3096 q'ilr'rrs·
707 3038 780 3078 ποῖαι
796 3023 861 3095 γάρ,
889 3029 979 3095 φησὶν,
1007 3029 1121 3092 ἓγίνοντο
1147 3025 1264 3087 irrotat,
1294 3023 1332 3077 At
1440 3029 1441 3094 l

278 3117 433 3172 Zenodotus
451 3116 538 3187 potius
556 3113 687 3188 perspexit
712 3114 782 3168 hanc
805 3115 962 3168 sententiam
989 3113 1057 3168 mele
1078 3113 1170 3176 adiici,
1201 3124 1227 3165 et
1245 3111 1332 3164 haesit
1440 3145 1441 3158 .

277 3209 305 3261 in
323 3225 387 3259 rore
407 3211 463 3258 0εοί
482 3205 532 3270 (cl.
557 3224 578 3256 r.
597 3199 665 3268 351)
690 3202 816 3274 repetita,
842 3213 868 3255 et
892 3203 1001 3256 sortasse
1027 3203 1054 3254 in
1079 3201 1237 3273 imperfecto
1265 3199 1331 3265 βοοῖ-

278 3296 360 3346 λοοτο.
398 3293 531 3348 Zenodoti
548 3291 678 3345 iudicium
696 3289 773 3342 hodie
800 3301 871 3344 recte
889 3292 1075 3362 comprobent.
1119 3289 1163 3344 Cf.
1181 3288 1332 3344 Nitzschius
1440 3283 1441 3340 l

277 3382 298 3445 l,
317 3403 341 3454 p.
361 3381 423 3438 205.
460 3379 589 3452 Geppert.
608 3381 618 3432 l
638 3400 664 3452 p.
683 3378 729 3434 16.
748 3400 773 3450 ρ.
796 3377 855 3434 130.
1440 3415 1441 3500 p

330 3527 379 3596 33)
396 3531 475 3584 Nunc
493 3531 569 3584 video
587 3531 638 3586 hoc
655 3541 843 3603 argumentum
858 3529 911 3583 ism
930 3547 944 3582 a
962 3527 1102 3600 Gepperto
1120 3527 1142 3594 (l
1162 3545 1188 3598 p.
1205 3527 1254 3592 39)
1273 3548 1332 3581 esse

278 3603 490 3743 proi¹la⁴llmlpsum
510 3674 601 3729 τεῦξαν
618 3669 684 3734 φάος
708 3671 771 3725 alibi
790 3679 844 3725 elon
869 3670 1017 3742 reperimus
1034 3679 1115 3740 atquc
1132 3667 1167 3720 de
1184 3669 1268 3722 rebus
1285 3654 1333 3720 in·
1440 3631 1441 3638 i

278 3745 399 3798 animatis
417 3745 518 3796 dictum
538 3742 666 3807 offendit,
697 3762 784 3814 neque
805 3763 860 3796 non
878 3743 995 3794 dstirum
1015 3739 1203 3794 desideramus.
1248 3740 1333 3809 Quae

278 3817 311 3872 de
330 3815 455 3884 Apolline
474 3825 625 3880 narrantur,
646 3815 724 3868 nimia
742 3817 856 3868 obscure
876 3814 1058 3885 proferuntur.

330 3887 380 3950 35)
395 3885 476 3940 Recte
494 3886 601 3940 Scholia
628 3883 659 3938 ον’
683 3891 754 3954 σφῷν
779 3907 806 3951 yr
831 3891 902 3951 γένος
928 3883 1044 3936 ἀπόλωλε
1062 3878 1163 3952 τοκήων
1180 3881 1332 3952 explicant:

277 3956 323 4011 oris
342 3956 447 4020 ἀφανῶν
464 3964 520 4011 ἐστο
530 3963 631 4025 γονέων,
650 3977 702 4010 non
712 3957 883 4010 obscuratum
893 3967 935 4006 est
950 3965 1067 4008 vestrum
1081 3973 1176 4024 genus.
1214 3952 1257 4005 Cf.
1273 3955 1333 4008 Od.

278 4033 303 4094 A,
320 4029 388 4093 586,
417 4031 462 4083 uhi
491 4031 524 4084 de
551 4050 620 4101 aqua
648 4041 820 4082 evanescente
849 4025 1002 4078 α’,τολὲοκιτο
1027 4025 1139 4100 dicitur..
1179 4023 1334 4091 Quomodo

278 4100 430 4226 {xiiia
451 4101 484 4155 lll
504 4123 528 4174 p.
546 4100 599 4158 237
628 4096 673 4152 erin
699 4097 815 4152 ἀπόλωλο
841 4100 1032 4170 interpretetur
1056 4097 1118 4150 dene
1148 4097 1335 4190 cognoscitur,
