<?xml version="1.0" encoding="UTF-8"?>
<!DOCTYPE html PUBLIC "-//W3C//DTD XHTML 1.0 Transitional//EN"
    "http://www.w3.org/TR/xhtml1/DTD/xhtml1-transitional.dtd">
<html xmlns="http://www.w3.org/1999/xhtml" xml:lang="en" lang="en">
 <head>
  <title>
</title>
<meta http-equiv="Content-Type" content="text/html;charset=utf-8" />
  <meta name='ocr-system' content='tesseract 3.04.00' />
  <meta name='ocr-capabilities' content='ocr_page ocr_carea ocr_par ocr_line ocrx_word'/>
</head>
<body>
  <div class='ocr_page' id='page_1' title='image "./dezenodotistudi00dngoog_0201.png"; bbox 0 0 2896 4888; ppageno 0'>
   <div class='ocr_carea' id='block_1_1' title="bbox 726 449 834 542">
    <p class='ocr_par' dir='ltr' id='par_1_1' title="bbox 726 449 834 542">
     <span class='ocr_line' id='line_1_1' title="bbox 726 449 834 542; baseline 0 -21"><span class='ocrx_word' id='word_1_1' title='bbox 726 449 798 522; x_wconf 79' lang='lat' dir='ltr'>isi</span> <span class='ocrx_word' id='word_1_2' title='bbox 833 535 834 542; x_wconf 8' lang='lat' dir='ltr'>p</span> 
     </span>
    </p>
   </div>
   <div class='ocr_carea' id='block_1_2' title="bbox 179 631 1303 3082">
    <p class='ocr_par' dir='ltr' id='par_1_2' title="bbox 179 631 1303 1586">
     <span class='ocr_line' id='line_1_2' title="bbox 270 631 1272 706; baseline -0.002 -14"><span class='ocrx_word' id='word_1_3' title='bbox 270 642 310 705; x_wconf 88' lang='lat' dir='ltr'>B,</span> <span class='ocrx_word' id='word_1_4' title='bbox 328 633 473 692; x_wconf 77' lang='lat' dir='ltr'>otto—694</span> <span class='ocrx_word' id='word_1_5' title='bbox 490 631 568 686; x_wconf 87' lang='lat' dir='ltr'>obelo</span> <span class='ocrx_word' id='word_1_6' title='bbox 588 633 696 700; x_wconf 81' lang='lat' dir='ltr'>notarit,</span> <span class='ocrx_word' id='word_1_7' title='bbox 715 651 749 688; x_wconf 88' lang='lat' dir='ltr'>ne</span> <span class='ocrx_word' id='word_1_8' title='bbox 767 633 852 688; x_wconf 91' lang='lat' dir='ltr'>bisin</span> <span class='ocrx_word' id='word_1_9' title='bbox 872 635 993 706; x_wconf 86' lang='lat' dir='ltr'>catalogo</span> <span class='ocrx_word' id='word_1_10' title='bbox 1012 637 1051 692; x_wconf 89' lang='lat' dir='ltr'>ira</span> <span class='ocrx_word' id='word_1_11' title='bbox 1067 635 1174 692; x_wconf 85' lang='lat' dir='ltr'>Achillia</span> <span class='ocrx_word' id='word_1_12' title='bbox 1192 657 1272 692; x_wconf 85' lang='lat' dir='ltr'>coni-</span> 
     </span>
     <span class='ocr_line' id='line_1_3' title="bbox 218 719 1271 795; baseline -0.005 -12"><span class='ocrx_word' id='word_1_13' title='bbox 218 736 420 782; x_wconf 67' lang='lat' dir='ltr'>memoraretur.</span> <span class='ocrx_word' id='word_1_14' title='bbox 463 719 504 774; x_wconf 83' lang='lat' dir='ltr'>cf.</span> <span class='ocrx_word' id='word_1_15' title='bbox 524 727 551 787; x_wconf 78' lang='grc' dir='ltr'>β,</span> <span class='ocrx_word' id='word_1_16' title='bbox 570 719 623 777; x_wconf 81' lang='grc'>’169</span> <span class='ocrx_word' id='word_1_17' title='bbox 641 741 699 793; x_wconf 90' lang='lat' dir='ltr'>sqq.</span> <span class='ocrx_word' id='word_1_18' title='bbox 706 760 715 788; x_wconf 94' lang='lat'>,</span> <span class='ocrx_word' id='word_1_19' title='bbox 743 743 811 795; x_wconf 94' lang='lat' dir='ltr'>quos</span> <span class='ocrx_word' id='word_1_20' title='bbox 828 741 918 776; x_wconf 79' lang='lat' dir='ltr'>versus</span> <span class='ocrx_word' id='word_1_21' title='bbox 936 743 990 776; x_wconf 91' lang='lat' dir='ltr'>non</span> <span class='ocrx_word' id='word_1_22' title='bbox 1010 725 1178 778; x_wconf 70' lang='lat' dir='ltr'>addubitasse</span> <span class='ocrx_word' id='word_1_23' title='bbox 1196 725 1271 778; x_wconf 80' lang='lat' dir='ltr'>ride·</span> 
     </span>
     <span class='ocr_line' id='line_1_4' title="bbox 216 807 1271 882; baseline -0.004 -15"><span class='ocrx_word' id='word_1_24' title='bbox 216 825 277 882; x_wconf 89' lang='lat' dir='ltr'>tur,</span> <span class='ocrx_word' id='word_1_25' title='bbox 296 813 368 866; x_wconf 88' lang='lat' dir='ltr'>uode</span> <span class='ocrx_word' id='word_1_26' title='bbox 386 829 442 864; x_wconf 92' lang='lat' dir='ltr'>non</span> <span class='ocrx_word' id='word_1_27' title='bbox 461 810 545 881; x_wconf 88' lang='lat' dir='ltr'>ipsam</span> <span class='ocrx_word' id='word_1_28' title='bbox 565 807 676 864; x_wconf 88' lang='lat' dir='ltr'>Achillis</span> <span class='ocrx_word' id='word_1_29' title='bbox 692 807 752 862; x_wconf 85' lang='lat' dir='ltr'>irati</span> <span class='ocrx_word' id='word_1_30' title='bbox 772 809 937 863; x_wconf 86' lang='lat' dir='ltr'>mentionem</span> <span class='ocrx_word' id='word_1_31' title='bbox 954 811 1094 866; x_wconf 87' lang='lat' dir='ltr'>Zenodoto</span> <span class='ocrx_word' id='word_1_32' title='bbox 1113 831 1127 864; x_wconf 95' lang='lat' dir='ltr'>a</span> <span class='ocrx_word' id='word_1_33' title='bbox 1146 810 1271 882; x_wconf 78' lang='lat' dir='ltr'>catalogo</span> 
     </span>
     <span class='ocr_line' id='line_1_5' title="bbox 216 896 1272 968; baseline -0.004 -13"><span class='ocrx_word' id='word_1_34' title='bbox 216 901 362 955; x_wconf 88' lang='lat' dir='ltr'>abhorrere</span> <span class='ocrx_word' id='word_1_35' title='bbox 379 899 461 955; x_wconf 79' lang='lat' dir='ltr'>risam</span> <span class='ocrx_word' id='word_1_36' title='bbox 479 915 535 951; x_wconf 83' lang='lat' dir='ltr'>esee</span> <span class='ocrx_word' id='word_1_37' title='bbox 553 907 632 968; x_wconf 88' lang='lat' dir='ltr'>patet.</span> <span class='ocrx_word' id='word_1_38' title='bbox 676 896 732 950; x_wconf 85' lang='lat' dir='ltr'>Hos</span> <span class='ocrx_word' id='word_1_39' title='bbox 749 917 811 950; x_wconf 84' lang='lat' dir='ltr'>iero</span> <span class='ocrx_word' id='word_1_40' title='bbox 831 917 933 963; x_wconf 81' lang='lat' dir='ltr'>sersus,</span> <span class='ocrx_word' id='word_1_41' title='bbox 960 917 1017 951; x_wconf 90' lang='lat' dir='ltr'>non</span> <span class='ocrx_word' id='word_1_42' title='bbox 1042 897 1103 951; x_wconf 88' lang='lat' dir='ltr'>illos</span> <span class='ocrx_word' id='word_1_43' title='bbox 1128 898 1199 951; x_wconf 81' lang='lat' dir='ltr'>inira</span> <span class='ocrx_word' id='word_1_44' title='bbox 1227 919 1272 952; x_wconf 92' lang='lat' dir='ltr'>se-</span> 
     </span>
     <span class='ocr_line' id='line_1_6' title="bbox 218 984 1273 1062; baseline -0.003 -19"><span class='ocrx_word' id='word_1_45' title='bbox 218 1002 343 1062; x_wconf 91' lang='lat' dir='ltr'>quentes,</span> <span class='ocrx_word' id='word_1_46' title='bbox 369 986 533 1060; x_wconf 78' lang='lat' dir='ltr'>proscripsit,</span> <span class='ocrx_word' id='word_1_47' title='bbox 557 985 632 1056; x_wconf 78' lang='lat' dir='ltr'>larga</span> <span class='ocrx_word' id='word_1_48' title='bbox 657 984 691 1038; x_wconf 91' lang='lat' dir='ltr'>de</span> <span class='ocrx_word' id='word_1_49' title='bbox 708 985 826 1038; x_wconf 76' lang='lat' dir='ltr'>Briseide</span> <span class='ocrx_word' id='word_1_50' title='bbox 852 986 1006 1042; x_wconf 77' lang='lat' dir='ltr'>narratione</span> <span class='ocrx_word' id='word_1_51' title='bbox 1023 989 1061 1056; x_wconf 84' lang='lat' dir='ltr'>(r.</span> <span class='ocrx_word' id='word_1_52' title='bbox 1080 986 1132 1042; x_wconf 77' lang='lat'>689</span> <span class='ocrx_word' id='word_1_53' title='bbox 1151 987 1224 1058; x_wconf 82' lang='lat' dir='ltr'>sqq.)</span> <span class='ocrx_word' id='word_1_54' title='bbox 1244 998 1273 1041; x_wconf 91' lang='lat' dir='ltr'>et</span> 
     </span>
     <span class='ocr_line' id='line_1_7' title="bbox 217 1070 1271 1144; baseline -0.002 -16"><span class='ocrx_word' id='word_1_55' title='bbox 217 1079 304 1130; x_wconf 85' lang='lat' dir='ltr'>verbis</span> <span class='ocrx_word' id='word_1_56' title='bbox 328 1073 397 1141; x_wconf 79' lang='grc' dir='ltr'><strong><em>τάχα</em></strong></span> <span class='ocrx_word' id='word_1_57' title='bbox 424 1071 450 1126; x_wconf 87' lang='lat' dir='ltr'>d&#39;</span> <span class='ocrx_word' id='word_1_58' title='bbox 472 1070 643 1143; x_wconf 77' lang='grc' dir='ltr'><strong><em>αἀτήοασδαο</em></strong></span> <span class='ocrx_word' id='word_1_59' title='bbox 664 1073 712 1129; x_wconf 81' lang='lat' dir='ltr'>(ct.</span> <span class='ocrx_word' id='word_1_60' title='bbox 736 1093 817 1144; x_wconf 88' lang='lat' dir='ltr'>supra</span> <span class='ocrx_word' id='word_1_61' title='bbox 844 1073 1066 1140; x_wconf 71' lang='grc' dir='ltr'>ο.[11)ἴμολλον,</span> <span class='ocrx_word' id='word_1_62' title='bbox 1093 1076 1126 1128; x_wconf 89' lang='lat' dir='ltr'>ad</span> <span class='ocrx_word' id='word_1_63' title='bbox 1147 1077 1271 1128; x_wconf 79' lang='lat' dir='ltr'>futurum</span> 
     </span>
     <span class='ocr_line' id='line_1_8' title="bbox 179 1151 1272 1235; baseline -0.003 -17"><span class='ocrx_word' id='word_1_64' title='bbox 179 1151 184 1159; x_wconf 41' lang='lat'><strong><em>¹</em></strong></span> <span class='ocrx_word' id='word_1_65' title='bbox 218 1176 323 1235; x_wconf 86' lang='lat' dir='ltr'>teinpus</span> <span class='ocrx_word' id='word_1_66' title='bbox 342 1161 544 1234; x_wconf 84' lang='lat' dir='ltr'>respicientibus</span> <span class='ocrx_word' id='word_1_67' title='bbox 561 1171 649 1214; x_wconf 91' lang='lat' dir='ltr'>motus</span> <span class='ocrx_word' id='word_1_68' title='bbox 662 1159 713 1228; x_wconf 82' lang='lat'>²⁵).</span> <span class='ocrx_word' id='word_1_69' title='bbox 753 1159 849 1215; x_wconf 88' lang='lat' dir='ltr'>Nescio</span> <span class='ocrx_word' id='word_1_70' title='bbox 868 1181 902 1215; x_wconf 87' lang='lat' dir='ltr'>an</span> <span class='ocrx_word' id='word_1_71' title='bbox 922 1161 1075 1233; x_wconf 81' lang='lat' dir='ltr'>catalogus,</span> <span class='ocrx_word' id='word_1_72' title='bbox 1103 1181 1183 1234; x_wconf 92' lang='lat' dir='ltr'>quem</span> <span class='ocrx_word' id='word_1_73' title='bbox 1204 1182 1272 1234; x_wconf 92' lang='lat' dir='ltr'>pro-</span> 
     </span>
     <span class='ocr_line' id='line_1_9' title="bbox 218 1248 1272 1324; baseline -0.002 -20"><span class='ocrx_word' id='word_1_74' title='bbox 218 1252 276 1324; x_wconf 91' lang='lat' dir='ltr'>prie</span> <span class='ocrx_word' id='word_1_75' title='bbox 295 1269 350 1305; x_wconf 92' lang='lat' dir='ltr'>non</span> <span class='ocrx_word' id='word_1_76' title='bbox 370 1251 403 1303; x_wconf 92' lang='lat' dir='ltr'>ad</span> <span class='ocrx_word' id='word_1_77' title='bbox 421 1250 529 1303; x_wconf 79' lang='lat' dir='ltr'>iliadem</span> <span class='ocrx_word' id='word_1_78' title='bbox 549 1248 706 1321; x_wconf 81' lang='lat' dir='ltr'>pertinuisse</span> <span class='ocrx_word' id='word_1_79' title='bbox 720 1249 857 1320; x_wconf 84' lang='lat' dir='ltr'>suspicor,</span> <span class='ocrx_word' id='word_1_80' title='bbox 883 1249 935 1304; x_wconf 88' lang='lat' dir='ltr'>hoc</span> <span class='ocrx_word' id='word_1_81' title='bbox 953 1251 1013 1304; x_wconf 88' lang='lat' dir='ltr'>loco</span> <span class='ocrx_word' id='word_1_82' title='bbox 1032 1249 1097 1303; x_wconf 85' lang='lat' dir='ltr'>alios</span> <span class='ocrx_word' id='word_1_83' title='bbox 1115 1269 1203 1304; x_wconf 81' lang='lat' dir='ltr'>sersus</span> <span class='ocrx_word' id='word_1_84' title='bbox 1221 1250 1272 1303; x_wconf 88' lang='lat' dir='ltr'>ha-</span> 
     </span>
     <span class='ocr_line' id='line_1_10' title="bbox 218 1337 1303 1410; baseline -0.004 -16"><span class='ocrx_word' id='word_1_85' title='bbox 218 1340 291 1406; x_wconf 85' lang='lat' dir='ltr'>buit,</span> <span class='ocrx_word' id='word_1_86' title='bbox 309 1339 419 1394; x_wconf 90' lang='lat' dir='ltr'>Achillis</span> <span class='ocrx_word' id='word_1_87' title='bbox 438 1338 622 1392; x_wconf 79' lang='lat' dir='ltr'>tortitudinem</span> <span class='ocrx_word' id='word_1_88' title='bbox 641 1337 780 1408; x_wconf 82' lang='lat' dir='ltr'>splendide</span> <span class='ocrx_word' id='word_1_89' title='bbox 799 1348 952 1404; x_wconf 77' lang='lat' dir='ltr'>exorantes,</span> <span class='ocrx_word' id='word_1_90' title='bbox 970 1338 1016 1410; x_wconf 94' lang='lat' dir='ltr'>qui</span> <span class='ocrx_word' id='word_1_91' title='bbox 1035 1338 1082 1405; x_wconf 84' lang='lat' dir='ltr'>iis,</span> <span class='ocrx_word' id='word_1_92' title='bbox 1109 1357 1177 1409; x_wconf 89' lang='lat' dir='ltr'>quos</span> <span class='ocrx_word' id='word_1_93' title='bbox 1195 1355 1273 1392; x_wconf 89' lang='lat' dir='ltr'>nunc</span> <span class='ocrx_word' id='word_1_94' title='bbox 1295 1381 1303 1390; x_wconf 85' lang='lat'>.</span> 
     </span>
     <span class='ocr_line' id='line_1_11' title="bbox 218 1423 1270 1498; baseline -0.003 -18"><span class='ocrx_word' id='word_1_95' title='bbox 218 1426 361 1494; x_wconf 86' lang='lat' dir='ltr'>habemus,</span> <span class='ocrx_word' id='word_1_96' title='bbox 387 1426 483 1481; x_wconf 90' lang='lat' dir='ltr'>cedere</span> <span class='ocrx_word' id='word_1_97' title='bbox 506 1425 649 1480; x_wconf 84' lang='lat' dir='ltr'>debebant.</span> <span class='ocrx_word' id='word_1_98' title='bbox 699 1423 752 1478; x_wconf 81' lang='lat' dir='ltr'>Sed</span> <span class='ocrx_word' id='word_1_99' title='bbox 778 1435 861 1480; x_wconf 87' lang='lat' dir='ltr'>totam</span> <span class='ocrx_word' id='word_1_100' title='bbox 885 1426 919 1479; x_wconf 85' lang='lat' dir='ltr'>de</span> <span class='ocrx_word' id='word_1_101' title='bbox 943 1425 1064 1498; x_wconf 75' lang='lat' dir='ltr'>catalogo</span> <span class='ocrx_word' id='word_1_102' title='bbox 1084 1425 1270 1498; x_wconf 82' lang='lat' dir='ltr'>quaestionem</span> 
     </span>
     <span class='ocr_line' id='line_1_12' title="bbox 218 1499 998 1586; baseline -0.012 -15"><span class='ocrx_word' id='word_1_103' title='bbox 218 1518 271 1571; x_wconf 86' lang='lat' dir='ltr'>alio</span> <span class='ocrx_word' id='word_1_104' title='bbox 289 1516 350 1570; x_wconf 90' lang='lat' dir='ltr'>loco</span> <span class='ocrx_word' id='word_1_105' title='bbox 368 1513 519 1570; x_wconf 80' lang='lat' dir='ltr'>accuratius</span> <span class='ocrx_word' id='word_1_106' title='bbox 536 1531 708 1586; x_wconf 81' lang='lat' dir='ltr'>exponemus.</span> <span class='ocrx_word' id='word_1_107' title='bbox 994 1499 998 1512; x_wconf 84' lang='grc'><strong>’</strong></span> 
     </span>
    </p>

    <p class='ocr_par' dir='ltr' id='par_1_3' title="bbox 218 1581 1272 1848">
     <span class='ocr_line' id='line_1_13' title="bbox 272 1581 1272 1675; baseline -0.006 -18"><span class='ocrx_word' id='word_1_108' title='bbox 272 1608 305 1671; x_wconf 86' lang='grc' dir='ltr'>Β,</span> <span class='ocrx_word' id='word_1_109' title='bbox 324 1581 571 1675; x_wconf 57' lang='lat' dir='ltr'>&#39;l2lsqfnescioan</span> <span class='ocrx_word' id='word_1_110' title='bbox 585 1613 657 1658; x_wconf 91' lang='lat' dir='ltr'>recte</span> <span class='ocrx_word' id='word_1_111' title='bbox 669 1601 842 1673; x_wconf 72' lang='lat' dir='ltr'>proscripsits</span> <span class='ocrx_word' id='word_1_112' title='bbox 859 1601 932 1654; x_wconf 88' lang='lat' dir='ltr'>enim</span> <span class='ocrx_word' id='word_1_113' title='bbox 942 1600 981 1654; x_wconf 90' lang='lat' dir='ltr'>his</span> <span class='ocrx_word' id='word_1_114' title='bbox 997 1599 1113 1653; x_wconf 78' lang='lat' dir='ltr'>versibus</span> <span class='ocrx_word' id='word_1_115' title='bbox 1124 1599 1159 1653; x_wconf 90' lang='lat' dir='ltr'>de</span> <span class='ocrx_word' id='word_1_116' title='bbox 1176 1599 1272 1652; x_wconf 86' lang='lat' dir='ltr'>luturo</span> 
     </span>
     <span class='ocr_line' id='line_1_14' title="bbox 219 1683 1272 1766; baseline -0.007 -19"><span class='ocrx_word' id='word_1_117' title='bbox 219 1705 340 1766; x_wconf 88' lang='lat' dir='ltr'>tempore</span> <span class='ocrx_word' id='word_1_118' title='bbox 355 1692 486 1762; x_wconf 85' lang='lat' dir='ltr'>adipsum</span> <span class='ocrx_word' id='word_1_119' title='bbox 498 1709 606 1745; x_wconf 88' lang='lat' dir='ltr'>carmen</span> <span class='ocrx_word' id='word_1_120' title='bbox 621 1709 677 1744; x_wconf 90' lang='lat' dir='ltr'>nou</span> <span class='ocrx_word' id='word_1_121' title='bbox 691 1691 842 1762; x_wconf 85' lang='lat' dir='ltr'>pertinente</span> <span class='ocrx_word' id='word_1_122' title='bbox 853 1690 905 1761; x_wconf 79' lang='lat' dir='ltr'>agi.</span> <span class='ocrx_word' id='word_1_123' title='bbox 918 1688 1099 1743; x_wconf 74' lang='lat' dir='ltr'>Aristonicus:</span> <span class='ocrx_word' id='word_1_124' title='bbox 1115 1683 1272 1754; x_wconf 69' lang='grc' dir='ltr'><strong><em>Ἀναγκαῖον</em></strong></span> 
     </span>
     <span class='ocr_line' id='line_1_15' title="bbox 218 1771 1258 1848; baseline -0.005 -15"><span class='ocrx_word' id='word_1_125' title='bbox 218 1783 249 1834; x_wconf 71' lang='grc' dir='ltr'>δέ</span> <span class='ocrx_word' id='word_1_126' title='bbox 266 1785 321 1834; x_wconf 81' lang='lat' dir='ltr'>locs</span> <span class='ocrx_word' id='word_1_127' title='bbox 338 1785 441 1847; x_wconf 77' lang='grc' dir='ltr'><strong><em>γνῶναι,</em></strong></span> <span class='ocrx_word' id='word_1_128' title='bbox 462 1773 502 1830; x_wconf 77' lang='lat' dir='ltr'>ici</span> <span class='ocrx_word' id='word_1_129' title='bbox 521 1775 627 1847; x_wconf 68' lang='grc' dir='ltr'><strong><em>ὕστερον</em></strong></span> <span class='ocrx_word' id='word_1_130' title='bbox 644 1775 806 1848; x_wconf 70' lang='grc' dir='ltr'>ἀνεκομίσθη</span> <span class='ocrx_word' id='word_1_131' title='bbox 824 1782 851 1830; x_wconf 82' lang='lat' dir='ltr'>is</span> <span class='ocrx_word' id='word_1_132' title='bbox 869 1777 978 1846; x_wconf 75' lang='grc' dir='ltr'><strong><em>Λῆμνον</em></strong></span> <span class='ocrx_word' id='word_1_133' title='bbox 996 1773 1010 1829; x_wconf 83' lang='lat' dir='ltr'>o‘</span> <span class='ocrx_word' id='word_1_134' title='bbox 1028 1771 1193 1846; x_wconf 73' lang='grc' dir='ltr'><strong><em>Φιλοκτήτης</em></strong></span> <span class='ocrx_word' id='word_1_135' title='bbox 1202 1775 1258 1842; x_wconf 80' lang='lat'>¹⁶).</span> 
     </span>
    </p>

    <p class='ocr_par' dir='ltr' id='par_1_4' title="bbox 218 1862 1273 2906">
     <span class='ocr_line' id='line_1_16' title="bbox 272 1862 1271 1938; baseline -0.002 -16"><span class='ocrx_word' id='word_1_136' title='bbox 272 1873 304 1933; x_wconf 89' lang='grc' dir='ltr'>Γ,</span> <span class='ocrx_word' id='word_1_137' title='bbox 318 1866 352 1922; x_wconf 87' lang='grc'>18</span> <span class='ocrx_word' id='word_1_138' title='bbox 369 1867 524 1920; x_wconf 77' lang='lat' dir='ltr'>zenodotus</span> <span class='ocrx_word' id='word_1_139' title='bbox 541 1865 620 1920; x_wconf 87' lang='lat' dir='ltr'>obelo</span> <span class='ocrx_word' id='word_1_140' title='bbox 636 1867 745 1933; x_wconf 68' lang='lat' dir='ltr'>notarit,</span> <span class='ocrx_word' id='word_1_141' title='bbox 763 1867 836 1938; x_wconf 91' lang='lat' dir='ltr'>quod</span> <span class='ocrx_word' id='word_1_142' title='bbox 849 1865 898 1920; x_wconf 77' lang='lat' dir='ltr'>dila</span> <span class='ocrx_word' id='word_1_143' title='bbox 914 1868 993 1936; x_wconf 75' lang='grc' dir='ltr'><strong><em>δοῦρε</em></strong></span> <span class='ocrx_word' id='word_1_144' title='bbox 1011 1862 1116 1918; x_wconf 73' lang='lat' dir='ltr'>stillam</span> <span class='ocrx_word' id='word_1_145' title='bbox 1135 1883 1189 1920; x_wconf 90' lang='lat' dir='ltr'>noo</span> <span class='ocrx_word' id='word_1_146' title='bbox 1206 1883 1271 1920; x_wconf 91' lang='lat' dir='ltr'>cuin</span> 
     </span>
     <span class='ocr_line' id='line_1_17' title="bbox 218 1953 1273 2027; baseline 0.001 -20"><span class='ocrx_word' id='word_1_147' title='bbox 218 1953 382 2024; x_wconf 74' lang='grc' dir='ltr'>προμάχιζεν,</span> <span class='ocrx_word' id='word_1_148' title='bbox 399 1955 444 2008; x_wconf 91' lang='lat' dir='ltr'>sed</span> <span class='ocrx_word' id='word_1_149' title='bbox 463 1971 526 2008; x_wconf 89' lang='lat' dir='ltr'>cuin</span> <span class='ocrx_word' id='word_1_150' title='bbox 545 1953 712 2022; x_wconf 73' lang='grc' dir='ltr'>προκαλίζετο</span> <span class='ocrx_word' id='word_1_151' title='bbox 730 1954 800 2008; x_wconf 82' lang='lat' dir='ltr'>male</span> <span class='ocrx_word' id='word_1_152' title='bbox 812 1955 977 2027; x_wconf 79' lang='lat' dir='ltr'>iungeretur.</span> <span class='ocrx_word' id='word_1_153' title='bbox 1013 1953 1180 2026; x_wconf 83' lang='lat' dir='ltr'>Nequenon</span> <span class='ocrx_word' id='word_1_154' title='bbox 1199 1965 1273 2008; x_wconf 89' lang='lat' dir='ltr'>strii-</span> 
     </span>
     <span class='ocr_line' id='line_1_18' title="bbox 220 2039 1273 2114; baseline 0 -18"><span class='ocrx_word' id='word_1_155' title='bbox 220 2052 295 2096; x_wconf 82' lang='lat' dir='ltr'>ctum</span> <span class='ocrx_word' id='word_1_156' title='bbox 313 2041 391 2114; x_wconf 82' lang='lat' dir='ltr'>(legit</span> <span class='ocrx_word' id='word_1_157' title='bbox 409 2042 481 2094; x_wconf 89' lang='lat' dir='ltr'>enim</span> <span class='ocrx_word' id='word_1_158' title='bbox 499 2039 584 2112; x_wconf 79' lang='lat' dir='ltr'>aririlp</span> <span class='ocrx_word' id='word_1_159' title='bbox 603 2043 690 2113; x_wconf 76' lang='grc' dir='ltr'><strong><em>δοῦρε.</em></strong></span> <span class='ocrx_word' id='word_1_160' title='bbox 707 2042 742 2096; x_wconf 71' lang='lat' dir='ltr'>cl&#39;.</span> <span class='ocrx_word' id='word_1_161' title='bbox 760 2061 841 2114; x_wconf 81' lang='lat' dir='ltr'>supra</span> <span class='ocrx_word' id='word_1_162' title='bbox 860 2061 885 2099; x_wconf 84' lang='lat' dir='ltr'>c.</span> <span class='ocrx_word' id='word_1_163' title='bbox 903 2042 956 2110; x_wconf 91' lang='grc' dir='ltr'>Ν)</span> <span class='ocrx_word' id='word_1_164' title='bbox 981 2061 1042 2095; x_wconf 92' lang='lat' dir='ltr'>euin</span> <span class='ocrx_word' id='word_1_165' title='bbox 1069 2042 1212 2096; x_wconf 81' lang='lat' dir='ltr'>olf&#39;endisse</span> <span class='ocrx_word' id='word_1_166' title='bbox 1231 2043 1273 2096; x_wconf 81' lang='lat' dir='ltr'>ri-</span> 
     </span>
     <span class='ocr_line' id='line_1_19' title="bbox 220 2125 1272 2202; baseline 0.002 -18"><span class='ocrx_word' id='word_1_167' title='bbox 220 2131 298 2184; x_wconf 88' lang='lat' dir='ltr'>detur</span> <span class='ocrx_word' id='word_1_168' title='bbox 312 2131 357 2197; x_wconf 82' lang='grc' dir='ltr'>Π).</span> <span class='ocrx_word' id='word_1_169' title='bbox 393 2129 485 2199; x_wconf 86' lang='lat' dir='ltr'>Quam</span> <span class='ocrx_word' id='word_1_170' title='bbox 510 2125 640 2201; x_wconf 73' lang='grc' dir='ltr'><strong><em>α’θὲνροιν</em></strong></span> <span class='ocrx_word' id='word_1_171' title='bbox 665 2142 766 2185; x_wconf 77' lang='lat' dir='ltr'>veteres</span> <span class='ocrx_word' id='word_1_172' title='bbox 784 2149 818 2184; x_wconf 86' lang='lat' dir='ltr'>eo</span> <span class='ocrx_word' id='word_1_173' title='bbox 835 2131 1002 2196; x_wconf 81' lang='lat' dir='ltr'>refutarunt,</span> <span class='ocrx_word' id='word_1_174' title='bbox 1029 2129 1102 2202; x_wconf 90' lang='lat' dir='ltr'>quod</span> <span class='ocrx_word' id='word_1_175' title='bbox 1121 2129 1272 2199; x_wconf 80' lang='lat' dir='ltr'>Menelaus,</span> 
     </span>
     <span class='ocr_line' id='line_1_20' title="bbox 219 2216 1272 2290; baseline 0.002 -19"><span class='ocrx_word' id='word_1_176' title='bbox 219 2218 331 2284; x_wconf 85' lang='lat' dir='ltr'>eadem,</span> <span class='ocrx_word' id='word_1_177' title='bbox 355 2237 408 2290; x_wconf 92' lang='lat' dir='ltr'>qua</span> <span class='ocrx_word' id='word_1_178' title='bbox 427 2217 591 2284; x_wconf 79' lang='lat' dir='ltr'>Alexander,</span> <span class='ocrx_word' id='word_1_179' title='bbox 622 2217 727 2272; x_wconf 89' lang='lat' dir='ltr'>ratione</span> <span class='ocrx_word' id='word_1_180' title='bbox 740 2229 877 2285; x_wconf 87' lang='lat' dir='ltr'>armatus,</span> <span class='ocrx_word' id='word_1_181' title='bbox 902 2216 992 2289; x_wconf 73' lang='lat' dir='ltr'>gladio</span> <span class='ocrx_word' id='word_1_182' title='bbox 1011 2237 1066 2272; x_wconf 85' lang='lat' dir='ltr'>uon</span> <span class='ocrx_word' id='word_1_183' title='bbox 1086 2230 1176 2285; x_wconf 88' lang='lat' dir='ltr'>caret,</span> <span class='ocrx_word' id='word_1_184' title='bbox 1198 2221 1272 2274; x_wconf 89' lang='lat' dir='ltr'>unde</span> 
     </span>
     <span class='ocr_line' id='line_1_21' title="bbox 220 2303 1272 2372; baseline 0.005 -15"><span class='ocrx_word' id='word_1_185' title='bbox 220 2325 308 2359; x_wconf 83' lang='lat' dir='ltr'>versus</span> <span class='ocrx_word' id='word_1_186' title='bbox 334 2307 367 2362; x_wconf 88' lang='grc'>18</span> <span class='ocrx_word' id='word_1_187' title='bbox 386 2305 549 2360; x_wconf 86' lang='lat' dir='ltr'>necessarius</span> <span class='ocrx_word' id='word_1_188' title='bbox 575 2305 615 2359; x_wconf 90' lang='lat' dir='ltr'>sit.</span> <span class='ocrx_word' id='word_1_189' title='bbox 663 2303 704 2358; x_wconf 83' lang='lat' dir='ltr'>cf.</span> <span class='ocrx_word' id='word_1_190' title='bbox 723 2305 815 2360; x_wconf 84' lang='lat' dir='ltr'>Schol.</span> <span class='ocrx_word' id='word_1_191' title='bbox 831 2327 857 2372; x_wconf 80' lang='lat' dir='ltr'>r,</span> <span class='ocrx_word' id='word_1_192' title='bbox 878 2305 920 2360; x_wconf 85' lang='lat'>18.</span> <span class='ocrx_word' id='word_1_193' title='bbox 947 2303 1009 2362; x_wconf 87' lang='grc'><strong>339.</strong></span> <span class='ocrx_word' id='word_1_194' title='bbox 1033 2303 1096 2362; x_wconf 59' lang='grc'>3611</span> <span class='ocrx_word' id='word_1_195' title='bbox 1120 2305 1181 2362; x_wconf 81' lang='grc'><strong>370.</strong></span> <span class='ocrx_word' id='word_1_196' title='bbox 1208 2305 1272 2362; x_wconf 81' lang='grc'><strong>373.</strong></span> 
     </span>
     <span class='ocr_line' id='line_1_22' title="bbox 221 2389 1271 2466; baseline 0 -19"><span class='ocrx_word' id='word_1_197' title='bbox 221 2393 385 2448; x_wconf 74' lang='lat' dir='ltr'>Aristonicus</span> <span class='ocrx_word' id='word_1_198' title='bbox 400 2389 425 2448; x_wconf 74' lang='lat' dir='ltr'>r.</span> <span class='ocrx_word' id='word_1_199' title='bbox 446 2394 479 2454; x_wconf 82' lang='grc'>19</span> <span class='ocrx_word' id='word_1_200' title='bbox 496 2414 537 2465; x_wconf 93' lang='lat' dir='ltr'>sq.</span> <span class='ocrx_word' id='word_1_201' title='bbox 562 2393 641 2447; x_wconf 88' lang='lat' dir='ltr'>obelo</span> <span class='ocrx_word' id='word_1_202' title='bbox 659 2395 773 2460; x_wconf 80' lang='lat' dir='ltr'>notavit,</span> <span class='ocrx_word' id='word_1_203' title='bbox 799 2413 867 2466; x_wconf 89' lang='lat' dir='ltr'>quos</span> <span class='ocrx_word' id='word_1_204' title='bbox 884 2394 1054 2464; x_wconf 86' lang='lat' dir='ltr'>Zenodotus,</span> <span class='ocrx_word' id='word_1_205' title='bbox 1084 2394 1157 2466; x_wconf 90' lang='lat' dir='ltr'>quod</span> <span class='ocrx_word' id='word_1_206' title='bbox 1175 2407 1271 2450; x_wconf 86' lang='lat' dir='ltr'>contra</span> 
     </span>
     <span class='ocr_line' id='line_1_23' title="bbox 218 2480 1272 2553; baseline 0.004 -18"><span class='ocrx_word' id='word_1_207' title='bbox 218 2480 352 2553; x_wconf 78' lang='lat' dir='ltr'>Heynium</span> <span class='ocrx_word' id='word_1_208' title='bbox 378 2480 430 2551; x_wconf 88' lang='grc' dir='ltr'>(Ν</span> <span class='ocrx_word' id='word_1_209' title='bbox 453 2501 479 2553; x_wconf 92' lang='lat' dir='ltr'>p.</span> <span class='ocrx_word' id='word_1_210' title='bbox 496 2482 566 2548; x_wconf 79' lang='grc'>454)</span> <span class='ocrx_word' id='word_1_211' title='bbox 593 2501 708 2552; x_wconf 88' lang='lat' dir='ltr'>moneo,</span> <span class='ocrx_word' id='word_1_212' title='bbox 735 2483 846 2536; x_wconf 89' lang='lat' dir='ltr'>minime</span> <span class='ocrx_word' id='word_1_213' title='bbox 871 2482 1042 2536; x_wconf 82' lang='lat' dir='ltr'>addubitavit.</span> <span class='ocrx_word' id='word_1_214' title='bbox 1091 2481 1134 2536; x_wconf 80' lang='lat' dir='ltr'>cf.</span> <span class='ocrx_word' id='word_1_215' title='bbox 1153 2482 1272 2539; x_wconf 83' lang='lat' dir='ltr'>Scholia.</span> 
     </span>
     <span class='ocr_line' id='line_1_24' title="bbox 219 2568 1271 2643; baseline 0.002 -21"><span class='ocrx_word' id='word_1_216' title='bbox 219 2570 306 2640; x_wconf 61' lang='lat' dir='ltr'>Amisi</span> <span class='ocrx_word' id='word_1_217' title='bbox 325 2573 529 2640; x_wconf 72' lang='grc' dir='ltr'>περιεστιγμένη,</span> <span class='ocrx_word' id='word_1_218' title='bbox 549 2571 633 2626; x_wconf 73' lang='lat' dir='ltr'>versui</span> <span class='ocrx_word' id='word_1_219' title='bbox 652 2573 784 2643; x_wconf 74' lang='lat' dir='ltr'>appicta,</span> <span class='ocrx_word' id='word_1_220' title='bbox 798 2571 831 2624; x_wconf 85' lang='lat' dir='ltr'>ad</span> <span class='ocrx_word' id='word_1_221' title='bbox 849 2570 982 2623; x_wconf 84' lang='lat' dir='ltr'>Zenodoti</span> <span class='ocrx_word' id='word_1_222' title='bbox 999 2568 1127 2640; x_wconf 69' lang='grc' dir='ltr'><strong><em>δθέτρσον</em></strong></span> <span class='ocrx_word' id='word_1_223' title='bbox 1146 2570 1271 2642; x_wconf 88' lang='lat' dir='ltr'>pertinet,</span> 
     </span>
     <span class='ocr_line' id='line_1_25' title="bbox 220 2653 1272 2732; baseline 0.003 -24"><span class='ocrx_word' id='word_1_224' title='bbox 220 2657 340 2722; x_wconf 86' lang='lat' dir='ltr'>mininie,</span> <span class='ocrx_word' id='word_1_225' title='bbox 359 2657 431 2729; x_wconf 89' lang='lat' dir='ltr'>quod</span> <span class='ocrx_word' id='word_1_226' title='bbox 450 2657 570 2730; x_wconf 85' lang='lat' dir='ltr'>Heynius</span> <span class='ocrx_word' id='word_1_227' title='bbox 589 2659 654 2712; x_wconf 89' lang='lat' dir='ltr'>dicit</span> <span class='ocrx_word' id='word_1_228' title='bbox 671 2658 719 2729; x_wconf 80' lang='lat' dir='ltr'>(iv</span> <span class='ocrx_word' id='word_1_229' title='bbox 737 2680 765 2732; x_wconf 86' lang='lat' dir='ltr'>p.</span> <span class='ocrx_word' id='word_1_230' title='bbox 778 2657 852 2725; x_wconf 78' lang='lat'>253),</span> <span class='ocrx_word' id='word_1_231' title='bbox 869 2657 902 2711; x_wconf 85' lang='lat' dir='ltr'>ad</span> <span class='ocrx_word' id='word_1_232' title='bbox 923 2653 936 2708; x_wconf 84' lang='lat' dir='ltr'>i‘</span> <span class='ocrx_word' id='word_1_233' title='bbox 953 2657 1090 2724; x_wconf 87' lang='lat' dir='ltr'>omissum,</span> <span class='ocrx_word' id='word_1_234' title='bbox 1109 2677 1193 2730; x_wconf 92' lang='lat' dir='ltr'>quum</span> <span class='ocrx_word' id='word_1_235' title='bbox 1209 2659 1272 2712; x_wconf 80' lang='lat' dir='ltr'>Ari-</span> 
     </span>
     <span class='ocr_line' id='line_1_26' title="bbox 219 2744 1270 2818; baseline 0 -19"><span class='ocrx_word' id='word_1_236' title='bbox 219 2744 353 2812; x_wconf 87' lang='lat' dir='ltr'>starchus,</span> <span class='ocrx_word' id='word_1_237' title='bbox 372 2746 418 2817; x_wconf 91' lang='lat' dir='ltr'>qui</span> <span class='ocrx_word' id='word_1_238' title='bbox 438 2745 481 2799; x_wconf 86' lang='lat' dir='ltr'>illa</span> <span class='ocrx_word' id='word_1_239' title='bbox 501 2746 573 2818; x_wconf 89' lang='lat' dir='ltr'>diple</span> <span class='ocrx_word' id='word_1_240' title='bbox 594 2767 649 2800; x_wconf 89' lang='lat' dir='ltr'>non</span> <span class='ocrx_word' id='word_1_241' title='bbox 669 2748 718 2801; x_wconf 86' lang='lat' dir='ltr'>nisi</span> <span class='ocrx_word' id='word_1_242' title='bbox 739 2749 771 2801; x_wconf 87' lang='lat' dir='ltr'>iis</span> <span class='ocrx_word' id='word_1_243' title='bbox 789 2746 869 2812; x_wconf 83' lang='lat' dir='ltr'>locis,</span> <span class='ocrx_word' id='word_1_244' title='bbox 896 2746 942 2798; x_wconf 91' lang='lat' dir='ltr'>ubi</span> <span class='ocrx_word' id='word_1_245' title='bbox 961 2765 975 2799; x_wconf 89' lang='lat' dir='ltr'>a</span> <span class='ocrx_word' id='word_1_246' title='bbox 995 2745 1136 2800; x_wconf 85' lang='lat' dir='ltr'>Zenodoto</span> <span class='ocrx_word' id='word_1_247' title='bbox 1154 2745 1270 2814; x_wconf 87' lang='lat' dir='ltr'>recessit,</span> 
     </span>
     <span class='ocr_line' id='line_1_27' title="bbox 219 2829 1142 2906; baseline 0.002 -20"><span class='ocrx_word' id='word_1_248' title='bbox 219 2851 282 2886; x_wconf 89' lang='lat' dir='ltr'>usus</span> <span class='ocrx_word' id='word_1_249' title='bbox 299 2843 352 2896; x_wconf 90' lang='lat' dir='ltr'>est,</span> <span class='ocrx_word' id='word_1_250' title='bbox 371 2851 521 2903; x_wconf 88' lang='lat' dir='ltr'>pronomen</span> <span class='ocrx_word' id='word_1_251' title='bbox 542 2829 555 2886; x_wconf 73' lang='grc' dir='ltr'><em>ὅ</em></span> <span class='ocrx_word' id='word_1_252' title='bbox 573 2853 627 2887; x_wconf 91' lang='lat' dir='ltr'>non</span> <span class='ocrx_word' id='word_1_253' title='bbox 648 2835 733 2906; x_wconf 74' lang='lat' dir='ltr'>magis</span> <span class='ocrx_word' id='word_1_254' title='bbox 750 2833 859 2906; x_wconf 80' lang='lat' dir='ltr'>legerit,</span> <span class='ocrx_word' id='word_1_255' title='bbox 878 2851 960 2905; x_wconf 88' lang='lat' dir='ltr'>quam</span> <span class='ocrx_word' id='word_1_256' title='bbox 978 2834 1142 2888; x_wconf 79' lang='lat' dir='ltr'>zenodotus.</span> 
     </span>
    </p>

    <p class='ocr_par' dir='ltr' id='par_1_5' title="bbox 220 2919 1270 3082">
     <span class='ocr_line' id='line_1_28' title="bbox 273 2919 1270 2994; baseline 0.003 -21"><span class='ocrx_word' id='word_1_257' title='bbox 273 2920 366 2989; x_wconf 87' lang='lat' dir='ltr'>Quum</span> <span class='ocrx_word' id='word_1_258' title='bbox 385 2919 540 2975; x_wconf 87' lang='lat' dir='ltr'>Zenodotus</span> <span class='ocrx_word' id='word_1_259' title='bbox 556 2943 588 2990; x_wconf 74' lang='lat' dir='ltr'>y,</span> <span class='ocrx_word' id='word_1_260' title='bbox 610 2921 643 2978; x_wconf 83' lang='grc'>18</span> <span class='ocrx_word' id='word_1_261' title='bbox 663 2923 803 2976; x_wconf 78' lang='lat' dir='ltr'>Alexandri</span> <span class='ocrx_word' id='word_1_262' title='bbox 830 2921 950 2994; x_wconf 76' lang='lat' dir='ltr'>gladium</span> <span class='ocrx_word' id='word_1_263' title='bbox 977 2921 1126 2976; x_wconf 87' lang='lat' dir='ltr'>tollendum</span> <span class='ocrx_word' id='word_1_264' title='bbox 1151 2932 1270 2994; x_wconf 86' lang='lat' dir='ltr'>putaret,</span> 
     </span>
     <span class='ocr_line' id='line_1_29' title="bbox 220 3007 1270 3082; baseline 0 -20"><span class='ocrx_word' id='word_1_265' title='bbox 220 3007 292 3062; x_wconf 89' lang='lat' dir='ltr'>hunc</span> <span class='ocrx_word' id='word_1_266' title='bbox 319 3008 404 3063; x_wconf 84' lang='lat' dir='ltr'>altero</span> <span class='ocrx_word' id='word_1_267' title='bbox 428 3008 506 3062; x_wconf 86' lang='lat' dir='ltr'>etiam</span> <span class='ocrx_word' id='word_1_268' title='bbox 530 3008 605 3076; x_wconf 82' lang='lat' dir='ltr'>loco,</span> <span class='ocrx_word' id='word_1_269' title='bbox 631 3021 660 3066; x_wconf 89' lang='lat' dir='ltr'>ut</span> <span class='ocrx_word' id='word_1_270' title='bbox 688 3010 737 3065; x_wconf 88' lang='lat' dir='ltr'>sibi</span> <span class='ocrx_word' id='word_1_271' title='bbox 764 3021 912 3078; x_wconf 87' lang='lat' dir='ltr'>constaret,</span> <span class='ocrx_word' id='word_1_272' title='bbox 944 3011 1135 3076; x_wconf 80' lang='lat' dir='ltr'>removendum</span> <span class='ocrx_word' id='word_1_273' title='bbox 1161 3010 1270 3082; x_wconf 77' lang='lat' dir='ltr'>putavit,</span> 
     </span>
    </p>
   </div>
   <div class='ocr_carea' id='block_1_3' title="bbox 219 3223 1346 3907">
    <p class='ocr_par' dir='ltr' id='par_1_6' title="bbox 219 3223 1346 3518">
     <span class='ocr_line' id='line_1_30' title="bbox 275 3223 1346 3316; baseline -0.007 -13"><span class='ocrx_word' id='word_1_274' title='bbox 275 3248 322 3313; x_wconf 82' lang='grc'>15)</span> <span class='ocrx_word' id='word_1_275' title='bbox 346 3247 522 3304; x_wconf 84' lang='lat' dir='ltr'>Aristonicus:</span> <span class='ocrx_word' id='word_1_276' title='bbox 550 3223 701 3316; x_wconf 54' lang='grc' dir='ltr'><strong><em>’Ἀναγκαῖον</em></strong></span> <span class='ocrx_word' id='word_1_277' title='bbox 727 3251 756 3302; x_wconf 81' lang='lat' dir='ltr'>dl</span> <span class='ocrx_word' id='word_1_278' title='bbox 774 3252 851 3303; x_wconf 68' lang='lat' dir='ltr'>stati·</span> <span class='ocrx_word' id='word_1_279' title='bbox 879 3244 915 3301; x_wconf 82' lang='grc' dir='ltr'>δι’</span> <span class='ocrx_word' id='word_1_280' title='bbox 940 3244 1027 3300; x_wconf 72' lang='grc' dir='ltr'><strong><em>αὐτῶν</em></strong></span> <span class='ocrx_word' id='word_1_281' title='bbox 1053 3229 1104 3315; x_wconf 75' lang='lat' dir='ltr'>riip</span> <span class='ocrx_word' id='word_1_282' title='bbox 1133 3246 1272 3316; x_wconf 72' lang='grc' dir='ltr'><strong><em>δηλοῦται,</em></strong></span> <span class='ocrx_word' id='word_1_283' title='bbox 1341 3238 1346 3255; x_wconf 74' lang='lat'>&#39;</span> 
     </span>
     <span class='ocr_line' id='line_1_31' title="bbox 220 3312 1271 3392; baseline 0 -20"><span class='ocrx_word' id='word_1_284' title='bbox 220 3312 261 3372; x_wconf 75' lang='lat' dir='ltr'>‘irs</span> <span class='ocrx_word' id='word_1_285' title='bbox 278 3318 315 3381; x_wconf 70' lang='grc' dir='ltr'>ἐφ’</span> <span class='ocrx_word' id='word_1_286' title='bbox 333 3320 431 3372; x_wconf 72' lang='grc' dir='ltr'><strong><em>ἑαυτῶν</em></strong></span> <span class='ocrx_word' id='word_1_287' title='bbox 455 3321 540 3382; x_wconf 59' lang='grc' dir='ltr'><strong><em>ἔμενον</em></strong></span> <span class='ocrx_word' id='word_1_288' title='bbox 565 3323 589 3372; x_wconf 81' lang='grc' dir='ltr'><strong><em>οἱ</em></strong></span> <span class='ocrx_word' id='word_1_289' title='bbox 607 3323 782 3392; x_wconf 77' lang='grc' dir='ltr'><strong><em>Μυρμιδίνες.</em></strong></span> <span class='ocrx_word' id='word_1_290' title='bbox 826 3321 861 3374; x_wconf 87' lang='lat' dir='ltr'>At</span> <span class='ocrx_word' id='word_1_291' title='bbox 879 3319 1001 3374; x_wconf 86' lang='lat' dir='ltr'>suliicere</span> <span class='ocrx_word' id='word_1_292' title='bbox 1028 3317 1152 3370; x_wconf 84' lang='lat' dir='ltr'>ridentur</span> <span class='ocrx_word' id='word_1_293' title='bbox 1174 3336 1197 3369; x_wconf 81' lang='lat' dir='ltr'>i.</span> <span class='ocrx_word' id='word_1_294' title='bbox 1216 3313 1271 3372; x_wconf 79' lang='lat'>769</span> 
     </span>
     <span class='ocr_line' id='line_1_32' title="bbox 219 3388 1272 3464; baseline -0.004 -20"><span class='ocrx_word' id='word_1_295' title='bbox 219 3411 278 3463; x_wconf 87' lang='lat' dir='ltr'>sqq.</span> <span class='ocrx_word' id='word_1_296' title='bbox 296 3391 416 3464; x_wconf 84' lang='lat' dir='ltr'>Heynius</span> <span class='ocrx_word' id='word_1_297' title='bbox 432 3391 482 3463; x_wconf 90' lang='grc' dir='ltr'>(Ν</span> <span class='ocrx_word' id='word_1_298' title='bbox 502 3413 528 3462; x_wconf 86' lang='lat' dir='ltr'>p.</span> <span class='ocrx_word' id='word_1_299' title='bbox 541 3391 624 3460; x_wconf 74' lang='lat'><strong>370:</strong></span> <span class='ocrx_word' id='word_1_300' title='bbox 651 3393 840 3458; x_wconf 87' lang='lat' dir='ltr'>„Necessarios</span> <span class='ocrx_word' id='word_1_301' title='bbox 859 3391 967 3464; x_wconf 84' lang='lat' dir='ltr'>quidem</span> <span class='ocrx_word' id='word_1_302' title='bbox 987 3388 1057 3444; x_wconf 82' lang='lat' dir='ltr'>haud</span> <span class='ocrx_word' id='word_1_303' title='bbox 1076 3389 1207 3442; x_wconf 86' lang='lat' dir='ltr'>arbitror:</span> <span class='ocrx_word' id='word_1_304' title='bbox 1225 3407 1272 3440; x_wconf 81' lang='lat' dir='ltr'>re-</span> 
     </span>
     <span class='ocr_line' id='line_1_33' title="bbox 220 3465 673 3518; baseline 0.009 -4"><span class='ocrx_word' id='word_1_305' title='bbox 220 3481 281 3517; x_wconf 92' lang='lat' dir='ltr'>rum</span> <span class='ocrx_word' id='word_1_306' title='bbox 300 3482 352 3517; x_wconf 90' lang='lat' dir='ltr'>nec</span> <span class='ocrx_word' id='word_1_307' title='bbox 364 3465 466 3518; x_wconf 87' lang='lat' dir='ltr'>otiosos</span> <span class='ocrx_word' id='word_1_308' title='bbox 485 3483 540 3518; x_wconf 88' lang='lat' dir='ltr'>esse</span> <span class='ocrx_word' id='word_1_309' title='bbox 559 3465 673 3518; x_wconf 82' lang='lat' dir='ltr'>dixero.”</span> 
     </span>
    </p>

    <p class='ocr_par' dir='ltr' id='par_1_7' title="bbox 219 3546 1272 3907">
     <span class='ocr_line' id='line_1_34' title="bbox 273 3546 1272 3623; baseline -0.004 -21"><span class='ocrx_word' id='word_1_310' title='bbox 273 3548 323 3617; x_wconf 87' lang='grc'>16)</span> <span class='ocrx_word' id='word_1_311' title='bbox 341 3549 460 3622; x_wconf 83' lang='lat' dir='ltr'>Heynius</span> <span class='ocrx_word' id='word_1_312' title='bbox 485 3551 536 3618; x_wconf 87' lang='grc' dir='ltr'>(Ν</span> <span class='ocrx_word' id='word_1_313' title='bbox 565 3573 591 3623; x_wconf 89' lang='lat' dir='ltr'>p.</span> <span class='ocrx_word' id='word_1_314' title='bbox 610 3553 677 3620; x_wconf 82' lang='lat'>381)</span> <span class='ocrx_word' id='word_1_315' title='bbox 703 3551 790 3605; x_wconf 84' lang='lat' dir='ltr'>addit:</span> <span class='ocrx_word' id='word_1_316' title='bbox 821 3551 923 3620; x_wconf 84' lang='lat' dir='ltr'>„Quod</span> <span class='ocrx_word' id='word_1_317' title='bbox 951 3549 1077 3622; x_wconf 90' lang='lat' dir='ltr'>equidem</span> <span class='ocrx_word' id='word_1_318' title='bbox 1104 3567 1159 3602; x_wconf 90' lang='lat' dir='ltr'>non</span> <span class='ocrx_word' id='word_1_319' title='bbox 1186 3546 1272 3600; x_wconf 84' lang='lat' dir='ltr'>rideo.</span> 
     </span>
     <span class='ocr_line' id='line_1_35' title="bbox 220 3616 1271 3742; baseline -0.004 -68"><span class='ocrx_word' id='word_1_320' title='bbox 220 3619 356 3705; x_wconf 72' lang='lat' dir='ltr'>suspicari</span> <span class='ocrx_word' id='word_1_321' title='bbox 375 3622 464 3692; x_wconf 91' lang='lat' dir='ltr'>potius</span> <span class='ocrx_word' id='word_1_322' title='bbox 483 3623 578 3705; x_wconf 76' lang='lat' dir='ltr'>pqssis,</span> <span class='ocrx_word' id='word_1_323' title='bbox 600 3624 707 3709; x_wconf 77' lang='lat' dir='ltr'>serioris</span> <span class='ocrx_word' id='word_1_324' title='bbox 725 3623 849 3714; x_wconf 68' lang='lat' dir='ltr'>rhq‘psodi</span> <span class='ocrx_word' id='word_1_325' title='bbox 870 3623 952 3674; x_wconf 88' lang='lat' dir='ltr'>letuin</span> <span class='ocrx_word' id='word_1_326' title='bbox 972 3641 1040 3706; x_wconf 73' lang='lat' dir='ltr'>esse,</span> <span class='ocrx_word' id='word_1_327' title='bbox 1069 3639 1152 3742; x_wconf 88' lang='lat' dir='ltr'>quum</span> <span class='ocrx_word' id='word_1_328' title='bbox 1179 3616 1271 3671; x_wconf 83' lang='lat' dir='ltr'>iabula</span> 
     </span>
     <span class='ocr_line' id='line_1_36' title="bbox 220 3691 1271 3786; baseline -0.005 -40"><span class='ocrx_word' id='word_1_329' title='bbox 220 3713 234 3746; x_wconf 89' lang='lat' dir='ltr'>a</span> <span class='ocrx_word' id='word_1_330' title='bbox 255 3692 362 3765; x_wconf 79' lang='lat' dir='ltr'>cyclicis</span> <span class='ocrx_word' id='word_1_331' title='bbox 380 3703 406 3777; x_wconf 70' lang='lat' dir='ltr'>ct</span> <span class='ocrx_word' id='word_1_332' title='bbox 424 3703 538 3778; x_wconf 43' lang='lat' dir='ltr'>tragicis.</span> <span class='ocrx_word' id='word_1_333' title='bbox 550 3695 582 3748; x_wconf 90' lang='lat' dir='ltr'>de</span> <span class='ocrx_word' id='word_1_334' title='bbox 601 3693 746 3750; x_wconf 80' lang='lat' dir='ltr'>Philoctete</span> <span class='ocrx_word' id='word_1_335' title='bbox 771 3695 788 3746; x_wconf 88' lang='grc' dir='ltr'><strong>Γ</strong></span> <span class='ocrx_word' id='word_1_336' title='bbox 790 3714 874 3748; x_wconf 85' lang='lat' dir='ltr'>roiam</span> <span class='ocrx_word' id='word_1_337' title='bbox 889 3705 1074 3786; x_wconf 30' lang='lat' dir='ltr'>&#39;aiqessitouqe</span> <span class='ocrx_word' id='word_1_338' title='bbox 1085 3691 1176 3780; x_wconf 50' lang='lat' dir='ltr'>,ebrato</span> <span class='ocrx_word' id='word_1_339' title='bbox 1196 3701 1271 3772; x_wconf 66' lang='lat' dir='ltr'>esset.</span> 
     </span>
     <span class='ocr_line' id='line_1_37' title="bbox 219 3762 1271 3907; baseline -0.004 -91"><span class='ocrx_word' id='word_1_340' title='bbox 219 3762 583 3907; x_wconf 48' lang='grc' dir='ltr'>ἓοὶρὶτεηρὲεροέῐῐρέμρλιρρνῖἦ</span> <span class='ocrx_word' id='word_1_341' title='bbox 598 3765 651 3823; x_wconf 86' lang='grc'>694</span> <span class='ocrx_word' id='word_1_342' title='bbox 669 3767 703 3820; x_wconf 90' lang='lat' dir='ltr'>de</span> <span class='ocrx_word' id='word_1_343' title='bbox 722 3765 841 3822; x_wconf 85' lang='lat' dir='ltr'>Achille.</span> <span class='ocrx_word' id='word_1_344' title='bbox 867 3785 915 3834; x_wconf 77' lang='grc' dir='ltr'>της</span> <span class='ocrx_word' id='word_1_345' title='bbox 934 3785 975 3830; x_wconf 80' lang='lat' dir='ltr'>oye</span> <span class='ocrx_word' id='word_1_346' title='bbox 993 3785 1048 3818; x_wconf 77' lang='lat' dir='ltr'>seir</span> <span class='ocrx_word' id='word_1_347' title='bbox 1074 3783 1171 3828; x_wconf 78' lang='grc' dir='ltr'><strong><em>αχαον,</em></strong></span> <span class='ocrx_word' id='word_1_348' title='bbox 1187 3781 1271 3826; x_wconf 58' lang='grc' dir='ltr'><strong><em>,ταχα</em></strong></span> 
     </span>
    </p>
   </div>
   <div class='ocr_carea' id='block_1_4' title="bbox 220 3936 1273 4299">
    <p class='ocr_par' dir='ltr' id='par_1_8' title="bbox 220 3936 1273 4299">
     <span class='ocr_line' id='line_1_38' title="bbox 278 3936 1273 4011; baseline -0.008 -15"><span class='ocrx_word' id='word_1_349' title='bbox 278 3943 326 4011; x_wconf 71' lang='lat'>17)</span> <span class='ocrx_word' id='word_1_350' title='bbox 345 3940 526 3997; x_wconf 80' lang='lat' dir='ltr'>Aristonicust</span> <span class='ocrx_word' id='word_1_351' title='bbox 553 3939 700 4011; x_wconf 71' lang='grc' dir='ltr'><strong><em>Ζηνόδοτος</em></strong></span> <span class='ocrx_word' id='word_1_352' title='bbox 721 3944 757 3994; x_wconf 85' lang='lat' dir='ltr'>&#39;dl</span> <span class='ocrx_word' id='word_1_353' title='bbox 785 3938 900 4011; x_wconf 63' lang='lat' dir='ltr'>p&#39;de&#39;rpse</span> <span class='ocrx_word' id='word_1_354' title='bbox 926 3936 986 4009; x_wconf 79' lang='grc' dir='ltr'><strong><em>(τδν</em></strong></span> <span class='ocrx_word' id='word_1_355' title='bbox 1009 3941 1114 4006; x_wconf 60' lang='lat' dir='ltr'>cvlpae)</span> <span class='ocrx_word' id='word_1_356' title='bbox 1139 3949 1197 3996; x_wconf 72' lang='grc' dir='ltr'><strong><em>τοῖς</em></strong></span> <span class='ocrx_word' id='word_1_357' title='bbox 1215 3937 1273 4006; x_wconf 77' lang='grc' dir='ltr'>ἱξῆς</span> 
     </span>
     <span class='ocr_line' id='line_1_39' title="bbox 220 4007 1272 4081; baseline -0.005 -16"><span class='ocrx_word' id='word_1_358' title='bbox 220 4009 252 4066; x_wconf 84' lang='lat' dir='ltr'>oti</span> <span class='ocrx_word' id='word_1_359' title='bbox 277 4015 476 4075; x_wconf 62' lang='lat' dir='ltr'>cristallicium·</span> <span class='ocrx_word' id='word_1_360' title='bbox 506 4015 594 4066; x_wconf 67' lang='lat' dir='ltr'>orici</span> <span class='ocrx_word' id='word_1_361' title='bbox 621 4012 705 4066; x_wconf 76' lang='grc' dir='ltr'><strong><em>κοινὸν</em></strong></span> <span class='ocrx_word' id='word_1_362' title='bbox 723 4015 886 4080; x_wconf 71' lang='grc' dir='ltr'>παραλαβεῖν</span> <span class='ocrx_word' id='word_1_363' title='bbox 904 4007 1015 4081; x_wconf 76' lang='grc' dir='ltr'><strong><em>αῠτᾰρ</em></strong></span> <span class='ocrx_word' id='word_1_364' title='bbox 1045 4007 1057 4062; x_wconf 86' lang='lat' dir='ltr'>s‘</span> <span class='ocrx_word' id='word_1_365' title='bbox 1084 4013 1188 4080; x_wconf 70' lang='grc' dir='ltr'><strong><em>δοῦρε</em></strong></span> <span class='ocrx_word' id='word_1_366' title='bbox 1207 4009 1272 4060; x_wconf 78' lang='lat' dir='ltr'>diis</span> 
     </span>
     <span class='ocr_line' id='line_1_40' title="bbox 220 4079 1273 4154; baseline -0.004 -19"><span class='ocrx_word' id='word_1_367' title='bbox 220 4085 255 4149; x_wconf 64' lang='lat'>3¹1</span> <span class='ocrx_word' id='word_1_368' title='bbox 263 4105 304 4135; x_wconf 86' lang='grc' dir='ltr'><strong><em>ων</em></strong></span> <span class='ocrx_word' id='word_1_369' title='bbox 324 4088 354 4151; x_wconf 90' lang='grc' dir='ltr'>(δ</span> <span class='ocrx_word' id='word_1_370' title='bbox 361 4085 375 4136; x_wconf 87' lang='grc' dir='ltr'><em>ὑ</em></span> <span class='ocrx_word' id='word_1_371' title='bbox 385 4106 404 4136; x_wconf 84' lang='lat' dir='ltr'>oi</span> <span class='ocrx_word' id='word_1_372' title='bbox 424 4105 441 4136; x_wconf 79' lang='lat' dir='ltr'>ri</span> <span class='ocrx_word' id='word_1_373' title='bbox 450 4082 465 4136; x_wconf 86' lang='lat' dir='ltr'>ii</span> <span class='ocrx_word' id='word_1_374' title='bbox 475 4086 510 4136; x_wconf 76' lang='lat' dir='ltr'>Al</span> <span class='ocrx_word' id='word_1_375' title='bbox 519 4105 538 4136; x_wconf 80' lang='lat' dir='ltr'>u</span> <span class='ocrx_word' id='word_1_376' title='bbox 547 4087 581 4151; x_wconf 84' lang='grc' dir='ltr'>ν),</span> <span class='ocrx_word' id='word_1_377' title='bbox 601 4092 646 4138; x_wconf 80' lang='grc' dir='ltr'>καὶ</span> <span class='ocrx_word' id='word_1_378' title='bbox 658 4098 723 4138; x_wconf 74' lang='grc' dir='ltr'><strong><em>νοεῖν</em></strong></span> <span class='ocrx_word' id='word_1_379' title='bbox 736 4083 767 4137; x_wconf 72' lang='lat' dir='ltr'>‘cii</span> <span class='ocrx_word' id='word_1_380' title='bbox 783 4083 887 4154; x_wconf 74' lang='grc' dir='ltr'><strong><em>ἄρθρον</em></strong></span> <span class='ocrx_word' id='word_1_381' title='bbox 896 4088 920 4142; x_wconf 77' lang='grc' dir='ltr'>ἐξ</span> <span class='ocrx_word' id='word_1_382' title='bbox 933 4079 1118 4152; x_wconf 72' lang='grc' dir='ltr'><strong><em>ἔααναλῆψοας</em></strong></span> <span class='ocrx_word' id='word_1_383' title='bbox 1126 4079 1273 4150; x_wconf 70' lang='grc' dir='ltr'><strong><em>παρήμενον</em></strong></span> 
     </span>
     <span class='ocr_line' id='line_1_41' title="bbox 220 4152 1273 4228; baseline -0.002 -20"><span class='ocrx_word' id='word_1_384' title='bbox 220 4160 261 4208; x_wconf 81' lang='lat' dir='ltr'>inl</span> <span class='ocrx_word' id='word_1_385' title='bbox 280 4159 326 4208; x_wconf 81' lang='grc' dir='ltr'><strong><em>τοῦ</em></strong></span> <span class='ocrx_word' id='word_1_386' title='bbox 344 4153 427 4208; x_wconf 69' lang='grc' dir='ltr'><strong><em>αὐτοῦ</em></strong></span> <span class='ocrx_word' id='word_1_387' title='bbox 447 4156 590 4226; x_wconf 73' lang='grc' dir='ltr'><strong><em>προςώαου.</em></strong></span> <span class='ocrx_word' id='word_1_388' title='bbox 628 4159 738 4213; x_wconf 78' lang='lat' dir='ltr'>Veteres</span> <span class='ocrx_word' id='word_1_389' title='bbox 756 4157 839 4228; x_wconf 75' lang='lat' dir='ltr'>igitur</span> <span class='ocrx_word' id='word_1_390' title='bbox 857 4167 917 4228; x_wconf 87' lang='lat' dir='ltr'>post</span> <span class='ocrx_word' id='word_1_391' title='bbox 935 4158 1005 4219; x_wconf 74' lang='grc' dir='ltr'><strong><em>ξίφος</em></strong></span> <span class='ocrx_word' id='word_1_392' title='bbox 1019 4154 1150 4209; x_wconf 83' lang='lat' dir='ltr'>minorem</span> <span class='ocrx_word' id='word_1_393' title='bbox 1170 4152 1273 4206; x_wconf 82' lang='lat' dir='ltr'>hahue-</span> 
     </span>
     <span class='ocr_line' id='line_1_42' title="bbox 221 4227 558 4299; baseline 0.009 -19"><span class='ocrx_word' id='word_1_394' title='bbox 221 4237 285 4280; x_wconf 87' lang='lat' dir='ltr'>runt</span> <span class='ocrx_word' id='word_1_395' title='bbox 303 4227 558 4299; x_wconf 84' lang='lat' dir='ltr'>interpunctionem.</span> 
     </span>
    </p>
   </div>
   <div class='ocr_carea' id='block_1_5' title="bbox 0 0 1457 4888">
    <p class='ocr_par' dir='ltr' id='par_1_9' title="bbox 0 0 1457 4888">
     <span class='ocr_line' id='line_1_43' title="bbox 0 0 1457 4888; baseline 0 0"><span class='ocrx_word' id='word_1_396' title='bbox 0 0 1457 4888; x_wconf 95' lang='lat' dir='ltr'> </span> 
     </span>
    </p>
   </div>
  </div>
 </body>
</html>
