2896 4888
661 425 734 498 169

160 629 240 671 naue·
258 608 291 664 ‘co'
309 630 337 664 τι
354 614 584 680 μενέχαρμος,
611 616 702 679 φησίν,
728 607 774 662 osis
802 604 871 666 sidau
890 607 905 662 ὁ
923 609 1039 682 ποιητής.
1084 613 1125 671 Cf.
1145 633 1214 669 eun.

160 700 223 752 dem
242 701 271 766 ξ,
289 697 351 754 382.
401 697 520 769 Heynius
543 696 652 768 quidem
677 707 750 772 recte
773 709 866 754 monet
885 699 934 764 (Vl
961 720 987 772 p.
1007 701 1085 768 5902
1112 703 1213 769 „Arm

160 799 295 842 memorat
313 787 416 840 maiore
436 797 494 840 non·
511 785 586 848 siris,
606 786 652 855 qui
672 785 703 838 iis
721 786 794 838 usuri
813 786 874 852 sint,
892 787 936 840 sed
956 788 1057 842 maiore
1075 789 1106 842 iis
1124 791 1214 857 armis,

160 877 260 947 quihus
278 875 367 930 adhuc
391 875 430 928 usi
450 873 549 938 ecant‚”
573 872 618 926 sed
644 872 696 926 hoc
720 873 772 926 iam
799 874 913 930 adfuisse
939 897 962 930 s.
978 875 1028 932 371
1056 861 1083 931 sl
1106 877 1215 931 moleste

159 964 246 1034 repeti
265 962 389 1034 Spitsner
407 961 486 1026 sidit,
508 961 554 1032 qui
574 959 662 1024 addit,
691 959 809 1031 Neptuni
826 962 1164 1038 adhortationemcptime
1182 967 1216 1018 t-

160 1049 214 1100 niri
236 1069 257 1102 v.
276 1049 342 1112 375,
362 1067 446 1121 quum
464 1049 575 1118 insuper
593 1048 680 1100 addita
701 1051 757 1101 cius
774 1051 895 1121 gravitati
913 1051 1041 1118 officiant,
1059 1062 1139 1124 atque
1157 1055 1215 1107 for-

160 1157 234 1189 mam
259 1141 417 1205 μενέχαρμος
446 1137 479 1190 ah
505 1135 625 1188 Homero
650 1137 765 1192 alienam
793 1157 857 1190 esse.
904 1141 1005 1194 Versus
1022 1139 1075 1194 376
1093 1161 1133 1211 sq.
1158 1141 1215 1196 eius

159 1235 237 1288 sunt,
266 1224 326 1294 qui,
343 1223 429 1294 quod
449 1243 471 1276 v.
491 1222 544 1278 382
562 1234 806 1290 commemoratur,
824 1225 909 1298 ipsam
928 1225 1046 1298 Neptuni
1066 1230 1215 1285 orationem

160 1311 281 1366 indicare
300 1311 397 1364 debere
423 1311 542 1375 censuit,
570 1330 625 1362 non
649 1311 814 1382 intelligens,
840 1313 993 1386 principes,
1022 1317 1150 1372 maximos
1166 1319 1216 1370 eli·

160 1418 228 1471 peos
247 1411 272 1454 et
292 1399 380 1470 galeas
398 1417 507 1452 sumere
522 1398 612 1463 iussos,
632 1419 686 1465 eos,
704 1419 773 1469 quos
789 1400 920 1468 ferebant,
942 1401 1093 1472 deposuisse
1111 1415 1137 1458 et
1149 1405 1214 1473 aliis,

160 1487 209 1560 qui
228 1489 345 1540 minores
362 1486 402 1540 his
419 1486 483 1556 ipsis
500 1473 648 1552 habehant,
675 1488 786 1542 dedisse.
832 1488 930 1544 Versus
949 1489 1002 1546 376
1020 1509 1058 1562 sq.
1075 1493 1162 1546 ¹etiam
1182 1513 1214 1546 eo
1241 1545 1248 1554 ,

160 1576 276 1646 suspecti
297 1586 375 1642 sunt,
397 1575 470 1646 quod
489 1575 552 1629 inde
572 1575 757 1645 colligeretur,
775 1576 864 1630 minus
882 1577 964 1630 fortes
980 1579 1049 1631 siros
1068 1599 1101 1635 ne
1120 1599 1216 1650 parvos
1293 1569 1296 1576 ’

160 1663 271 1734 quidem
292 1663 393 1733 clipeos
410 1673 536 1734 gestasse3
564 1681 614 1716 eur
637 1663 709 1714 enim
736 1681 829 1735 parvos
851 1665 883 1718 iis
901 1665 1016 1719 darent?
1051 1666 1140 1738 Atque
1156 1669 1215 1724 iure

160 1749 295 1816 haeseris,
317 1751 389 1821 quod
415 1749 495 1821 clipei
514 1759 631 1815 tantum,
661 1769 718 1804 non
737 1749 826 1805 hastae
844 1762 871 1804 ct
888 1752 979 1822 galeae
998 1773 1216 1810 commemoran-

162 1851 217 1904 tur,
235 1849 265 1891 ut
291 1858 313 1890 v.
332 1837 383 1893 371
404 1858 463 1910 sqq.
500 1837 561 1890 Non
580 1837 642 1892 satis
668 1849 740 1892 recte
763 1839 903 1908 disputavit
921 1839 1075 1913 Geppertus
1096 1842 1149 1914 lp.
1166 1843 1212 1900 38.

161 1927 335 1980 Recentiores
353 1926 468 1980 editores
483 1925 628 1982 Aristarchi
646 1923 773 1996 datram
791 1929 874 1982 secuti
886 1940 964 1982 sunt.

216 2015 327 2072 lunonis
346 2033 461 2086 poenam
481 2036 509 2080 ο,
528 2014 630 2070 18-31
650 2015 806 2069 Zenodotus
821 2016 938 2081 sustulit,
963 2016 1037 2072 nulls
1060 2018 1216 2092 alie,·opi·

161 2103 365 2170 nor‚¹ratiotte
387 2102 497 2170 ductus,
530 2122 611 2174 quam
636 2103 708 2173 quod
727 2102 796 2156 hauc
822 2123 937 2176 poenam
956 2104 1058 2159 lunone
1076 2107 1215 2178 indignam
1281 2096 1286 2106 Ι

162 2192 272 2266 putarit,
296 2209 461 2263 quamquam
480 2191 547 2244 lovis
565 2191 650 2244 minas
663 2194 703 2254 (σε’
721 2192 849 2261 πληγῇσιν
865 2189 975 2258 ἱμάσσω)
991 2192 1130 2248 retinuisse
1143 2196 1215 2248 vide-

162 2276 218 2338 tur.
242 2281 296 2334 lam
311 2278 516 2352 Aristophanem
528 2278 661 2332 Zenodoti
678 2280 853 2332 temeritatem
872 2279 1135 2340 reiecissearhitror.
1173 2282 1214 2334 De

161 2369 229 2421 losis
257 2387 344 2438 poena
368 2368 402 2422 cl.
422 2367 557 2438 Heynium
576 2366 625 2428 Vll
646 2386 672 2436 p.
691 2368 799 2438 'lsqq¹

217 2458 248 2523 0,
268 2454 302 2511 33
321 2454 476 2509 zenodotus
495 2465 521 2508 et
539 2451 728 2525 Aristophanes
751 2473 806 2508 non
826 2465 897 2508 recte
918 2455 1075 2520 omiserunt,
1095 2456 1214 2525 proban-

161 2545 233 2600 tibus
250 2544 355 2615 Heynio
374 2543 437 2613 (Vll
457 2563 482 2612 p.
503 2542 551 2611 12)
578 2552 603 2596 et
621 2540 761 2612 Gepperto
780 2541 807 2608 (l
828 2561 854 2612 p.
871 2543 903 2600 21
925 2545 989 2614 sq).
1034 2544 1215 2600 Aristonicus:
1284 2534 1294 2548 ⁹

161 2635 220 2684 Kal
237 2629 274 2702 μή
293 2652 355 2684 ποτε
373 2628 493 2702 περιττός
512 2629 589 2684 tta-tr.
640 2630 674 2682 At
691 2630 813 2701 luppiter
841 2630 869 2682 in
890 2640 1004 2682 extrema
1023 2631 1145 2686 oratione
1161 2633 1215 2688 hoc

162 2741 260 2793 urgere
279 2721 373 2784 dehet,
392 2719 464 2791 quod
485 2719 552 2772 luno
571 2737 632 2770 eum
651 2715 774 2787 φιλότητι
791 2728 818 2780 et
835 2714 897 2789 εὐνῇ
909 2717 1059 2788 fefellerit.

216 2810 248 2877 0,
269 2807 376 2864 tlt—tt
394 2807 562 2862 Zenodotum
584 2826 632 2874 eo,
658 2807 731 2878 quod
753 2805 795 2860 hic
812 2806 902 2860 lutura
928 2807 1131 2878 praedicantur,
1161 2808 1215 2863 eie·

164 2897 247 2962 cisse,
271 2897 324 2949 iam
344 2907 424 2965 supra
444 2914 467 2949 c.
487 2894 509 2946 ll
530 2894 700 2962 monuimus,
730 2913 810 2966 quem
837 2905 975 2964 praeterea
996 2895 1155 2966 permovisse
1173 2897 1215 2950 di·

163 2985 246 3051 xeris,
272 2984 344 3056 quod
364 3002 452 3036 sersus
475 2982 513 3034 illi
538 3001 582 3049 ea,
614 3002 684 3054 quae
707 2993 799 3054 postea
823 2981 906 3049 fiunt,
934 3001 990 3038 non
1017 2985 1130 3038 omnino
1154 3005 1216 3037 rere

161 3073 291 3128 indicant.
340 3070 532 3142 Aristophanes
554 3089 615 3127 sero
642 3081 668 3124 et
691 3070 857 3126 Aristarchus
884 3089 940 3124 non
965 3070 1053 3124 solum
1077 3072 1150 3127 hunc
1173 3073 1216 3126 lo-

164 3179 243 3227 cum,
267 3179 359 3237 serum
387 3158 466 3212 etiam
494 3156 645 3224 ο,,56-ὃ3
665 3157 743 3210 obelo
763 3158 952 3212 confoderunt.
987 3157 1029 3211 Cl.
1048 3159 1215 3231 Geppertum
1296 3151 1302 3162 '

163 3235 413 3318 tp.2tsqq.75.
451 3245 652 3299 Lachmannum
673 3245 695 3296 ll
719 3265 745 3315 p.
766 3246 799 3300 17
817 3264 858 3317 sq·
909 3246 963 3298 Aut
980 3244 1128 3316 rhapsodus
1146 3247 1215 3302 male

163 3334 281 3399 sedulus,
309 3346 355 3387 aut
377 3335 411 3401 ii,
442 3336 488 3407 qui
514 3333 657 3389 lliademe
682 3332 794 3404 singulis
814 3333 977 3388 carminibus
995 3341 1214 3406 composuerunt,

163 3425 211 3480 hos
231 3443 320 3481 sersus
336 3423 452 3476 inserere
473 3433 636 3492 potuerunt,
653 3420 741 3474 iliadis
759 3421 904 3487 actionem,
922 3441 991 3493 quae
1010 3421 1139 3494 sequitur,
1157 3441 1213 3478 non

162 3514 223 3566 satis
241 3522 365 3566 accurate
382 3510 580 3564 adumbrantes.
617 3511 716 3563 Versus
734 3507 768 3564 56
783 3529 841 3580 sqq.
860 3509 967 3562 adsutus
984 3519 1010 3563 et
1027 3510 1133 3580 spurios
1152 3529 1215 3571 esse,

163 3600 235 3674 quod
255 3600 309 3668 ipsa
323 3599 432 3653 lunonis
447 3599 533 3652 oratio
553 3604 586 3662 (v.
602 3597 652 3658 146
671 3604 742 3669 sqq.)
758 3598 923 3668 comprobat,
942 3597 1111 3660 Zenodotum
1129 3597 1214 3656 latuit.

218 3690 248 3755 Ο,
267 3687 428 3754 266-268,
453 3687 562 3762 nimiam
589 3687 776 3758 repetitionem
804 3687 931 3738 vitaturus
958 3685 1006 3754 (cl.
1024 3683 1046 3754 ζ,
1065 3685 1118 3740 508
1134 3689 1214 3758 sqq),

163 3778 297 3834 immerito
313 3769 406 3844 eiecit',
435 3773 601 3830 Aristarchus
620 3795 681 3828 vero
702 3795 723 3830 v.
742 3773 887 3830 265-268
905 3774 984 3828 obelo
1004 3774 1119 3840 notavit,
1143 3775 1214 3828 inter

165 3866 216 3920 alia
229 3885 357 3920 moueuss
374 3867 432 3916 Kal
450 3861 481 3916 cd
501 3859 655 3928 κυδιόων,
679 3857 764 3924 ὑψοῦ
783 3865 818 3914 dl
837 3863 918 3932 stips]
936 3863 1021 3928 ἒχων
1040 3856 1213 3932 ἐφ’Ἕκτορσς

164 3959 211 4006 τοῦ
230 3951 328 4024 sipritus
344 3948 436 4004 §aunis
455 3947 610 4010 α’νιστῶντος
630 3955 656 4002 ἐκ
675 3956 722 4022 τῆς
735 3947 966 4016 λειποθυμίαςοιῖχ
979 3946 1090 4020 ἁρμόζει.
1130 3949 1212 4018 Quod

166 4045 211 4114 qui
230 4041 435 4120 Homericarum
458 4043 690 4114 comparationum
711 4050 833 4093 naturam
854 4025 1019 4111 perspectam
1039 4036 1131 4103 hahet,
1159 4058 1214 4089 non

164 4130 249 4200 magis
266 4129 405 4202 probabit„
430 4148 510 4202 quam
539 4129 566 4184 in
594 4151 647 4184 uuo
672 4129 818 4199 eademque
847 4127 1046 4198 comparatione
1072 4125 1121 4180 hoc
1151 4123 1211 4180 leco

165 4239 241 4274 ersus
260 4218 326 4289 legi,
345 4217 391 4270 illo
412 4217 535 4272 omissos.
798 4211 804 4218 ’
