2886 4890
740 393 790 468 74

234 599 333 639 merus
343 582 444 653 npinds
462 601 600 655 nunquam
615 579 659 636 tati
679 579 761 635 modo
773 597 836 634 curu
849 577 964 650 genitivo
978 582 1148 651 pronominis
1166 585 1287 638 coniun-

233 677 275 728 rit.
310 673 399 728 Haesit
416 672 572 728 Zenodotus
590 671 616 723 in
635 669 739 734 deliro,
758 668 804 739 qui
822 667 921 722 dicitur
937 671 1081 724 commodi.
1119 670 1162 726 01.
1179 694 1200 740 a,
1222 666 1286 728 315.

162 761 166 767 ’
232 757 343 832 Πρόσθε
362 760 482 814 absolute
502 759 625 830 ponitur,
651 767 681 810 ut
698 760 724 824 d,
747 755 806 812 113.
847 757 1020 812 Pronominis
1044 759 1179 827 possessivi
1204 778 1285 813 usum

232 869 282 920 pro
300 849 416 920 genitivo
436 847 604 919 pronominis
621 843 767 917 personalis
788 843 941 908 invenimus,
960 865 986 910 r,
1004 845 1073 913 206,
1099 846 1145 900 nbi
1169 866 1219 918 pro
1238 842 1289 900 osii

232 937 351 1006 ἀγγελίης
375 935 479 1007 scripsit
504 933 553 1005 σῆς
579 930 714 1002 ἀγγελίης,
740 951 769 984 ex
795 949 845 984 usu
873 931 1011 994 notissimo
1031 933 1182 1003 ponemini,
1211 944 1240 986 ut
1259 953 1286 998 τ,

232 1025 282 1086 321
304 1027 339 1097 ui
357 1012 441 1096 ..op
477 1022 531 1076 oa.
549 1025 573 1088 r,
592 1022 662 1086 201,
688 1021 734 1074 un
753 1017 944 1074 vastemus
963 1019 995 1072 aa
1011 999 1186 1074 insontum
1205 1041 1235 1092 p.
1248 1021 1286 1076 ao

232 1135 262 1167 ex
281 1114 412 1166 veteribus
430 1111 591 1165 editionibus
610 1113 656 1163 σοῦ
670 1108 720 1177 ³¹).
766 1108 936 1162 Zenodotum
961 1108 1006 1162 hic
1029 1129 1044 1162 e
1063 1108 1216 1164 coniectura
1236 1111 1285 1178 σῆς

231 1200 365 1272 scripsisse
384 1211 464 1271 puto,
478 1210 515 1252 *ut
531 1220 557 1265 γ,
574 1196 627 1252 273
646 1193 752 1267 dpvs'nr.
792 1195 963 1251 Cnntrsriam
983 1195 1136 1253 varietatem
1155 1196 1287 1250 hebemus

230 1293 252 1349 ξ,
272 1289 324 1344 118
343 1285 458 1357 (scorpio
485 1290 553 1349 insto
578 1305 629 1358 pro
653 1282 754 1356 unrpdc
781 1289 872 1352 iusto).
902 1305 931 1347 tt,
948 1284 1001 1341 486
1025 1281 1138 1355 (uurpdc
1162 1297 1213 1336 nato
1233 1304 1285 1356 pro

231 1372 331 1446 πατρὸς
349 1374 423 1446 σοῖο).
459 1374 513 1428 Od.
533 1373 825 1444 6,’256(πατρο’ςὲμεῦ
840 1393 890 1446 pro
904 1369 1106 1444 mnpdse'mti).
1143 1371 1185 1426 01.
1196 1372 1287 1444 Apol·

230 1462 286 1514 lon.
304 1462 337 1515 dc
357 1473 456 1518 constr.
477 1463 509 1529 11,
528 1462 564 1518 22
588 1482 615 1532 ρ.
636 1459 694 1518 166.
714 1462 749 1514 de
766 1481 846 1532 pron.
864 1482 891 1532 p.
903 1460 964 1517 ’397
978 1461 1070 1532 (137).
1113 1461 1240 1519 Ammon.
1259 1482 1285 1518 r.

230 1549 344 1617 005032).
388 1550 442 1606 Od.
461 1549 484 1617 ζ,
500 1550 555 1606 289
580 1550 664 1617 (adde
681 1557 712 1612 9,
730 1551 798 1618 241)
823 1549 993 1607 Zenodotum
1021 1569 1072 1621 pro
1099 1554 1190 1613 tutuo
1214 1552 1286 1604 scri-

230 1640 311 1710 psisse
332 1643 399 1700 insto
417 1639 509 1694 Schol.
526 1638 600 1693 Harl.
623 1638 721 1704 refert,
753 1639 799 1691 ubi
823 1639 923 1692 Porso:
952 1638 1097 1706 „Debebat
1121 1638 1202 1700 ins'o.''
1248 1641 1285 1695 As

230 1728 384 1781 zenodotus
403 1728 513 1782 fortasse
526 1727 643 1798 legerats
661 1713 709 1778 ὧδ’
726 1724 769 1794 ἄρ’
785 1730 852 1787 insto
866 1729 935 1785 Ευνὶς
949 1727 1018 1789 inec,
1036 1727 1196 1796 positionem
1215 1747 1284 1784 con·-

229 1816 347 1870 sonantis
364 1820 377 1873 ξ
385 1835 455 1868 =non
469 1835 580 1868 curans.
621 1813 666 1867 Cf.
688 1820 718 1878 β,
737 1813 782 1869 26.
801 1813 845 1868 63.
873 1835 901 1878 ω,
920 1815 978 1870 133.
1020 1810 1089 1872 ‘Euro
1107 1834 1157 1886 pro
1174 1817 1284 1886 isiocss)

230 1903 321 1956 habuit
340 1903 495 1956 Zenodotus
521 1923 548 1968 α,
566 1901 628 1957 393.
654 1924 676 1967 ο,
701 1901 759 1956 138.
785 1921 812 1968 τ,
829 1901 891 1958 342.
910 1923 941 1966 ως
956 1902 1018 1972 550,
1048 1904 1094 1956 ubi
1114 1904 1284 1958 Aristonicus

231 2002 303 2044 recte
328 2002 436 2044 monet:
460 1992 540 2042 τοῦτο
564 1993 591 2042 ἓν
609 1993 646 2060 τῷ
664 1995 724 2059 περὶ
747 2010 819 2048 τινος
845 1985 911 2058 λόγῳ
936 1997 1057 2058 τίθεται,
1091 1995 1137 2044 νῦν
1162 1995 1191 2046 tt
1218 1992 1284 2064 πρός

230 2076 365 2150 πρόςωπὸν
383 2083 446 2132 ἐστι.
482 2077 526 2132 (11.
544 2078 634 2136 schot.
653 2099 682 2147 u,
701 2077 763 2134 528.
802 2074 869 2132 ‘tion
892 2081 925 2132 de
948 2069 1025 2134 tei-tia
1044 2099 1158 2151 persons
1178 2081 1284 2136 inveni-

231 2187 290 2221 mus
306 2173 333 2233 β,
352 2167 413 2223 662.
432 2189 454 2230 ν,
473 2167 535 2224 522.
553 2169 575 2233 ξ,
592 2167 616 2222 9.
638 2168 680 2222 11.
699 2166 760 2223 266.
776 2186 801 2232 o,
822 2168 864 2222 71.
885 2166 947 2224 138.
967 2189 991 2234 τ,
1010 2167 1072 2224 399.
1090 2187 1120 2237 ψ,
1138 2162 1283 2228 360.’402.

230 2255 284 2311 Od.
303 2257 325 2324 ξ,
346 2256 397 2310 177
416 2256 513 2322 (tribus
538 2255 613 2320 locis,
638 2257 661 2322 ξ,
680 2254 706 2310 9.
725 2275 749 2322 o,
769 2255 811 2310 71.
833 2254 892 2322 138,
918 2256 962 2308 aiii
986 2257 1069 2326 ἑῆος),
1091 2259 1149 2327 ἑῆος
1175 2271 1283 2331 praeter
1321 2288 1325 2294 ·

230 2343 258 2395 11.
276 2342 324 2395 hos
347 2341 427 2398 locos
446 2363 475 2409 ω,
494 2343 556 2398 422.
603 2341 657 2396 Od.
680 2344 703 2409 ξ,
721 2342 782 2398 505.
808 2365 830 2406 o,
849 2343 910 2398 405.
954 2343 1082 2398 Formam
1106 2347 1165 2417 ἑῆος
1191 2367 1283 2402 sersus

230 2431 332 2502 respuit
348 2437 375 2498 β,
395 2429 457 2486 662.
475 2453 498 2494 ν,
515 2431 578 2487 522.
613 2429 669 2484 06.
684 2433 705 2496 ξ,
724 2432 782 2486 177.
825 2429 958 2502 Equidem
977 2431 1147 2486 Zenodotum
1166 2434 1194 2487 in
1212 2433 1283 2487 alio·

231 2519 340 2596 cutione
359 2518 459 2590 ubique
477 2521 528 2572 s‘oto
547 2537 598 2590 pro
612 2519 669 2588 ἑῆος
681 2517 751 2570 maie
769 2519 923 2574 emendasse
935 2519 1026 2574 iudico
1041 2519 1087 2588 64).
1124 2507 1164 2574 Oi
1181 2519 1281 2592 emptio

230 2606 385 2661 zenodotus
409 2609 433 2673 λ,
454 2607 505 2662 142
527 2626 576 2679 pro
594 2610 642 2658 τοῦ
660 2606 775 2674 πατρός,
803 2605 877 2678 quod
895 2606 1078 2672 Aristarchus,
1104 2608 1150 2680 qui
1175 2626 1280 2678 prono-

231 2695 335 2747 minum
354 2693 455 2747 iormas
481 2694 569 2765 atque'
580 2693 787 2765 significationes
806 2695 957 2748 accuratius
983 2695 1098 2750 distinxit
1123 2697 1169 2762 (ci.
1192 2697 1280 2752 wott.

230 2781 355 2853 Proiegg.
375 2801 402 2852 p.
421 2779 564 2834 CCXLVH
582 2785 651 2853 sq),
678 2793 750 2836 recte
774 2783 881 2850 reiecit,
911 2803 1075 2856 quamquam
1093 2784 1212 2856 Heynius
1228 2786 1281 2857 (Vi

284 3016 333 3085 31)
353 3013 397 3070 cf.
417 3014 522 3088 Pilugls.
540 3016 574 3070 ad
591 2971 657 3070 Eur.
675 3019 807 3074 Androm.
825 3018 869 3074 62.
903 3014 983 3070 Nihili
1002 3028 1049 3084 ost,
1069 3018 1142 3088 quod
1157 3017 1281 3090 Spitmer

229 3088 316 3143 Τ.111
336 3108 361 3160 p.
380 3085 415 3142 30
434 3110 473 3160 sq.
493 3102 586 3142 contra
606 3090 787 3145 Zenodoteam
807 3101 898 3142 monet
916 3090 1088 3160 scripturam.

283 3159 332 3227 32)
352 3158 472 3215 Eandem
499 3161 650 3214 varietatem
669 3162 726 3216 aliis
744 3162 809 3216 iocis
827 3161 972 3214 obtinuisse
991 3173 1095 3212 certum
1113 3159 1232 3226 ridetur,
1252 3173 1282 3214 ut

229 3233 283 3286 Od.
301 3231 323 3296 ζ,
341 3231 403 3287 290.
446 3231 555 3301 Πατρδς
581 3236 643 3296 ἐμοῦ
667 3234 765 3305 legitur
783 3233 837 3287 Od.
856 3253 881 3300 y,
899 3231 945 3290 83.
971 3231 994 3299 ζ,
1012 3231 1073 3288 293.
1091 3231 1153 3288 299.
1177 3253 1200 3299 v,
1221 3230 1280 3289 173.

231 3327 253 3372 o,
272 3305 339 3370 459,
359 3301 454 3363 παιδδς
471 3307 533 3366 ἐμοῦ
551 3304 580 3357 ii.
595 3325 623 3370 ω,
643 3305 705 3361 224.
781 3331 783 3334 ·

204 3401 206 3408 ·
283 3374 333 3443 33)
353 3375 394 3428 De
410 3377 504 3448 spiritu
522 3376 557 3430 ci.
577 3377 750 3430 tehrsiustn
777 3374 912 3446 ephemer.
936 3373 1005 3428 stud.
1025 3372 1148 3444 antiquit.
1168 3371 1236 3428 1834
1254 3391 1280 3444 p.

164 3503 167 3510 s
233 3447 279 3501 141
299 3466 341 3567 pq.
373 3459 474 3517 quaest.
500 3468 543 3518 ep.
574 3467 600 3520 p.
617 3448 652 3504 66
672 3469 747 3521 sqq,
780 3448 825 3503 cui
850 3447 948 3500 trustra
976 3444 1134 3517 obloquitur
1157 3444 1282 3517 Spitzner

253 3537 317 3570 rae.
357 3555 364 3568 .
420 3555 426 3570 .

233 3539 249 3588 Ρ
284 3520 573 3653 3d)pCf2.OButtmanni
595 3589 673 3642 herii.
692 3589 703 3641 1
722 3607 750 3657 p·
769 3587 804 3644 86
823 3608 882 3662 sqq.
931 3587 1013 3652 inde,
1033 3587 1105 3658 quod
1121 3583 1281 3655 Apollonius

231 3670 257 3712 et
274 3657 318 3711 atii
337 3651 377 3715 tic
394 3658 428 3712 de
446 3660 527 3712 altera
548 3679 661 3730 persona
679 3661 833 3727 utebantur,
852 3659 917 3713 nihil
937 3660 969 3712 ad
988 3658 1170 3712 defendendas
1189 3656 1281 3708 Zeno-

231 3731 322 3784 doteas
340 3731 484 3802 scripturas
502 3729 633 3797 efficitur,
663 3749 746 3802 quum
771 3731 814 3784 hic
841 3751 905 3784 usus
927 3751 957 3785 ex
974 3730 1034 3782 aliis
1050 3730 1116 3783 locis
1133 3727 1282 3780 Homericis

231 3801 343 3855 fluxerit.
361 3800 403 3854 Ci.
417 3801 512 3855 Wotfii
531 3803 656 3874 Proiegg.
675 3823 702 3874 p.
713 3801 869 3862 cchvttt
883 3823 924 3878 sq.
961 3801 1077 3873 Longius
1094 3798 1117 3867 (1
1132 3820 1159 3871 p.
1171 3799 1205 3854 12
1219 3803 1281 3869 sq),

231 3869 1282 4011 tt“.⁹ttt¹tt¹‘s·it”ti⁰¹³t?{232⁰tt.t‘”tsttttttfttti'tititittt'.

225 3968 319 4086 filihm
344 3968 447 4090 ipieeih
477 3967 638 4088 apheil’aihu
669 4037 757 4089 neque
775 3967 815 4083 o?
822 4017 875 4072 550
889 4020 922 4070 ab
941 4015 1045 4072 Achille
1063 3983 1174 4068 isotn'ten
1187 4013 1282 4079 filium

231 4090 335 4141 Priami
361 4091 503 4144 Hectorem
530 4089 582 4142 dici
610 4089 808 4153 credibilem,
834 4090 934 4162 quippe
961 4107 1042 4160 quem
1069 4085 1140 4138 idem
1165 4083 1282 4137 Achilles

231 4161 322 4230 paullo
342 4173 404 4215 ante
423 4161 614 4215 contumeliose
633 4161 807 4216 tractaverit.”
844 4162 893 4222 ,Tu
912 4163 1020 4226 consu,
1045 4175 1114 4230 quae
1129 4156 1151 4209 11
1171 4167 1226 4210 not.
1245 4155 1282 4212 68

232 4243 326 4286 contra
344 4229 526 4287 Aristarchum
542 4232 704 4287 monuimus.
