2886 4890
683 387 688 402 '
718 413 791 488 124

241 626 293 680 que
311 625 326 660 e
344 603 427 660 libris.
463 603 659 657 Aristarcheam
683 602 843 674 scripturam
863 601 947 672 magis
965 602 1096 672 poeticam
1116 601 1179 659 dicit
1195 603 1290 660 Schol.

240 697 277 763 A,
298 705 325 749 at
343 692 497 746 Zenodotea
516 711 545 764 ex
563 689 673 742 Homeri
686 693 741 740 'usu
758 687 870 754 dicitur,
900 689 945 759 qui
970 686 1072 752 α’μελετν
1094 703 1157 744 cum
1176 691 1291 746 nomine

239 793 285 836 aut
303 782 464 854 pronomine
483 789 508 833 et
527 768 667 850 participio
689 775 775 846 iungit
797 775 848 840 (cl.
868 781 898 842 θ,
918 775 979 832 330.
1003 795 1028 847 ρ,
1048 778 1064 833 9
1081 782 1147 850 sq.),
1177 780 1291 834 minime

238 873 363 932 μεθιέναι.
410 868 453 921 De
478 866 587 921 elisione
610 863 779 937 pronominis
802 864 836 917 cl.
855 861 883 929 ζ,
901 864 963 919 tat.
982 883 1016 931 ψ,
1035 865 1097 922 789.
1133 866 1292 921 Mehtbom.

239 973 353 1025 gramm.
373 975 398 1024 p.
419 955 477 1011 109.

292 1043 333 1106 Μ,
353 1039 387 1096 59
399 1040 554 1095 Zenodotus
567 1050 593 1093 et
605 1035 795 1108 Aristophanes
805 1041 932 1106 παββαίη,
952 1039 1033 1092 ceteri
1052 1041 1150 1110 ἔςβαιη.
1187 1041 1289 1096 Utrum

238 1127 394 1182 Zenodotus
411 1147 486 1182 versu
506 1126 540 1182 65
560 1122 602 1194 (οὔ
619 1145 674 1184 ποις
694 1128 763 1176 ἐστιν
782 1125 969 1192 καταβήμεναι)
994 1138 1083 1181 motus
1101 1133 1216 1197 ναββαίη
1237 1131 1290 1196 (ef.

238 1216 372 1285 κάββαλε),
385 1216 573 1282 emendaverit,
592 1233 627 1266 an
646 1214 674 1266 in
687 1213 762 1266 libris
773 1213 912 1279 invenerit,
931 1224 1004 1268 certo
1027 1215 1165 1269 diiudicari
1184 1219 1290 1290 nequit.

293 1311 334 1373 M,
353 1306 405 1362 340
424 1304 579 1358 Zenodotus
596 1298 683 1360 πάσας
700 1295 751 1372 χεὶρ
769 1301 896 1369 ἐπῴχετο,
923 1302 996 1374 quod
1020 1301 1192 1373 significem)
1217 1303 1289 1376 α’ϋτῆ

237 1399 277 1447 ἐπὶ
297 1390 384 1451 πάσας
403 1393 487 1450 πύλας
505 1393 630 1460 ἐπῴχετο,
655 1388 823 1444 Aristarchus
841 1392 924 1442 πᾶσαν
940 1387 991 1459 γάρ
1010 1388 1128 1459 insigues
1148 1395 1290 1458 (ἐπικεκλι-

237 1487 313 1545 μέναι
330 1473 408 1553 ῆσαν,
427 1482 582 1544 taisson),
607 1477 678 1548 quod
698 1478 755 1532 sine
774 1477 856 1530 dubio
875 1477 1098 1549 praeferendum,
1124 1499 1208 1550 quum
1232 1499 1289 1533 una

236 1583 339 1626 tantum
362 1571 396 1624 sit
414 1579 498 1641 porta.
545 1566 587 1620 De
612 1567 767 1620 auctoritate
790 1566 928 1637 utriusque
950 1566 1096 1638 scripturae
1119 1567 1147 1620 in
1173 1567 1290 1622 diversas

237 1671 324 1731 partes
343 1656 474 1730 disputari
492 1667 584 1727 potest.
621 1653 665 1708 Cl.
684 1653 864 1726 spinnand).

289 1749 326 1812 Ν,
346 1745 399 1800 '102
424 1741 580 1796 Zenodotus
601 1738 703 1807 χάζετ’,
729 1741 897 1796 Aristarchus
922 1741 1018 1795 rectius
1038 1739 1124 1794 ἵστατ’
1152 1744 1288 1814 praetulit.

235 1829 329 1892 Xrlisr'
354 1851 369 1884 a
395 1831 612 1902 comparatione,
640 1849 708 1901 quae
736 1829 869 1900 sequitur,
898 1828 1040 1898 abhorret,
1064 1833 1138 1904 quod
1163 1832 1289 1906 Spitzner

235 1931 307 1974 recte
327 1920 441 1972 monuit·

289 2005 322 2072 Ξ,
342 2006 377 2062 37
396 2004 563 2060 Aristarchus
579 2002 720 2072 ὀψείοντες,
737 2001 781 2058 alii
798 2001 947 2070 ducimur,
965 2006 1120 2060 Zenodotus
1138 2005 1169 2060 ου’
1186 2003 1288 2066 uades·

233 2115 285 2163 τες,
304 2095 376 2166 quod
390 2094 454 2148 serri
467 2113 522 2146 non
541 2105 637 2164 potest,
657 2109 740 2165 quum
756 2093 836 2146 nimis
852 2093 979 2166 languide
989 2103 1015 2148 et
1033 2095 1117 2148 otiose
1133 2095 1287 2150 adderetur.

236 2181 391 2236 Zenodotus
408 2193 434 2236 et
453 2179 587 2244 duetorem
605 2193 631 2235 et
648 2179 776 2244 ἅψεέοντες
795 2182 823 2234 in
842 2181 917 2236 lihris
935 2181 1065 2254 invenisse
1084 2183 1194 2250 videtur,
1213 2203 1287 2256 quae

130 2297 132 2305 v
235 2290 319 2343 quum
339 2291 394 2324 non
412 2271 587 2342 intelligeret,
605 2271 750 2325 infeliciter
766 2270 925 2324 emendavit.
963 2269 1006 2324 Cf.
1026 2287 1107 2343 supra
1125 2279 1150 2326 c.
1169 2272 1242 2341 1⁴⁶).

288 2361 323 2426 Ξ,
343 2360 378 2416 40
396 2359 564 2426 Zenodotus,
584 2359 732 2430 Dionysius
749 2359 877 2413 Sidonius
894 2371 921 2414 et
937 2359 1107 2414 Herodianus
1125 2363 1202 2429 πῆξε,
1222 2360 1288 2414 Ari-

234 2445 375 2519 stophanes
393 2457 420 2500 et
437 2447 603 2501 Aristarchus
620 2450 721 2514 πτῆξεν.
763 2446 932 2501 Aristarchus
955 2467 1059 2500 versum
1078 2448 1157 2503 obelo
1176 2451 1287 2517 notavit,

234 2553 361 2588 monens:
378 2533 444 2590 Ὅτι
460 2540 506 2588 καὶ
523 2535 550 2586 is
568 2539 620 2586 τῶν
638 2538 826 2604 προειρημένων
849 2537 969 2607 vestiges,
994 2531 1036 2588 ὅτι
1054 2539 1163 2606 Νέστωρ
1183 2540 1253 2589 loris
1272 2534 1286 2588 d

232 2621 348 2694 γεραιός,
368 2629 412 2676 καὶ
429 2619 461 2674 'cd
478 2625 579 2692 πτῆξε
598 2619 708 2692 ἄκυρον·
737 2627 778 2674 tut
796 2617 846 2692 χεὶρ
858 2624 917 2674 «τῶν
935 2620 1129 2686 ἀπολελυμένον
1148 2628 1196 2696 τῆς
1212 2624 1285 2692 dyo.

232 2720 290 2771 νίας
318 2717 363 2766 οιαὶ
390 2715 438 2764 τοῦ
463 2715 511 2780 τῆς
537 2714 623 2780 ψυχῆς
648 2712 753 2771 uetant
773 2709 907 2780 (lleynius
933 2722 1006 2766 recle
1024 2715 1060 2784 τῇ
1077 2709 1174 2782 οἶχανίῆ
1200 2725 1226 2767 et
1244 2719 1285 2783 τῷ

178 2823 183 2830 ·
232 2802 341 2869 παλμῲ)
361 2795 475 2870 ἁρμόζει.
500 2797 542 2852 cf.
561 2798 636 2852 Eust.
673 2799 842 2865 Zenodotus,
870 2817 955 2872 quum
972 2803 1050 2869 πτῆξε
1076 2801 1164 2854 minus
1189 2813 1282 2872 aptum

233 2886 331 2939 videret
350 2888 412 2954 πῆξε
430 2887 469 2954 (ἓν
487 2883 531 2952 οἵῳ
548 2882 637 2954 τρόπον
659 2887 751 2938 uul'iv
769 2889 807 2955 τῷ
824 2893 874 2954 βίῳ
900 2890 982 2949 φαμὲν
1006 2893 1146 2958 πεπηγέναι
1166 2887 1225 2943 resti
1244 2879 1284 2960 τῆν’

232 2973 304 3043 φόβῳ
319 2973 475 3044 Didymus),
496 2973 568 3044 quod
587 2973 778 3044 Aristophanes
789 2985 815 3028 et
828 2975 995 3029 Aristarchus
1008 2977 1173 3041 reiecerunt,
1193 2989 1284 3040 trans·

220 3059 323 3115 itirum
340 3061 414 3114 enim
433 3061 504 3114 verbi
530 3060 652 3132 πτῆοσειν
671 3081 747 3116 usum
773 3063 905 3118 seriorum
927 3083 997 3134 esse,
1025 3083 1115 3137 neque
1132 3064 1283 3122 Homerum

232 3150 258 3204 id
278 3151 311 3204 ad
329 3152 451 3204 animum
469 3152 612 3206 translerre
628 3151 677 3221 4⁷).

283 3355 329 3422 45)
348 3353 378 3407 ln
399 3347 490 3408 Schol.
508 3353 529 3408 A
551 3355 591 3408 bis
615 3375 665 3428 pro
684 3355 771 3418 πάσας
789 3359 932 3432 legendum
952 3371 990 3414 est
1008 3362 1102 3426 πᾶσαι,
1131 3359 1203 3434 quod
1222 3362 1280 3435 ipsa

231 3425 414 3481 Aristarcheae
432 3427 580 3498 scripturae
597 3429 782 3500 interpretatio
801 3436 922 3486 ostendit.

280 3493 328 3563 46)
348 3498 518 3554 Zenodotum
534 3499 651 3552 formam
671 3501 869 3557 desideratiram
883 3523 945 3560 cum
963 3502 1078 3574 genitivo
1097 3504 1216 3559 iunctam
1236 3507 1282 3559 ol-

229 3567 342 3620 lendisse
353 3567 476 3638 Spitener
491 3571 613 3635 coniicit;
629 3573 713 3626 immo
727 3569 834 3630 criticus
842 3576 971 3647 Ephesius
983 3574 1073 3640 haesit,
1092 3576 1165 3648 quod
1178 3575 1280 3640 ὀψείον-

229 3658 271 3695 τες
288 3637 321 3690 de
340 3637 424 3707 α’ϋτῆ,
450 3640 566 3694 clamore
585 3640 697 3710 bellico,
721 3659 747 3700 et
772 3646 865 3701 heroes
884 3646 1011 3700 vulnerati
1026 3665 1132 3718 pugnae
1150 3648 1280 3704 ridendae

230 3709 319 3780 cupidi
338 3710 500 3764 dicerentur.
991 3719 994 3726 '

282 3783 328 3846 47)
347 3780 438 3835 Schol.
463 3783 494 3834 B.
518 3781 553 3834 L:
578 3778 738 3853 Ἡρωδιανός
770 3790 872 3856 πῆξεν
897 3785 1067 3856 ἀποδέχεται,
1091 3786 1123 3840 ἵν’
1145 3775 1166 3860 ,τῆ
1194 3789 1225 3842 'rel
1253 3794 1280 3844 lv

229 3850 495 3924 ἀκινησίςιόποιήσεν·
520 3857 562 3906 tut
586 3876 639 3908 τινι
656 3854 707 3928 χεὶρ
724 3860 831 3929 χαλεπῷ
847 3857 896 3929 τῆν
922 3857 1087 3930 ἀποχώρησιν
1106 3859 1189 3914 αὐτοῦ
1206 3859 1279 3915 rinol-

229 3939 354 3978 πτευσαν·
381 3947 397 3994 η
424 3927 522 3987 μᾶλλον
546 3928 697 3996 intelgimus·
729 3925 814 3998 ῆχνξρ
833 3934 905 3989 etate
930 3930 1017 3984 atheis
1039 3928 1059 3994 ,ὅ
1084 3929 1160 3999 λόγος
1183 3931 1278 3990 αὐτοῦ.

127 4037 132 4044 ,
228 3995 346 4066 lleynius
364 3995 414 4064 (Vl
433 4017 459 4068 p.
478 3996 544 4062 530)
569 4000 671 4051 nemini
698 4003 774 4068 πλῆξε
801 4003 827 4055 iu
853 4015 970 4056 mentem
995 4003 1094 4055 venisse
1119 4003 1194 4058 dicit.¹
1241 4005 1277 4060 At

228 4066 318 4120 Schol.
338 4068 377 4121 Vs
400 4069 500 4120 Καίτοι
525 4065 615 4136 ἠθέτει
641 4068 689 4121 τᾶν
714 4079 818 4139 στίχον,
841 4076 867 4131 Ιοἱ
891 4078 920 4126 dl
936 4075 1065 4143 γράφουσι
1089 4077 1210 4144 πλῆξε,
1228 4077 1276 4130 ubi

228 4156 290 4190 cum
315 4137 455 4208 Spitznero
480 4140 624 4194 scriberem
651 4143 729 4210 πῆξε,
752 4145 772 4197 si
798 4145 869 4198 idem
894 4145 985 4201 Schol.
1002 4145 1187 4200 Zmodoteum
1215 4151 1277 4217 πῆξε

228 4225 283 4262 non
301 4221 532 4270 commemoraret.
