2880 4888
745 407 796 481 to

254 618 308 652 non
320 620 323 630 ·
336 597 425 651 minus
441 595 574 651 Pindarus
595 591 643 664 (cl.
660 591 775 652 Buechb.
793 593 813 660 l,
832 593 850 650 2
879 613 905 665 p.
922 589 989 660 404)
1006 603 1086 664 atque
1105 593 1231 650 Arctinus
1251 597 1303 664 (cl.

253 685 364 740 Bettert
381 685 470 741 Scbol.
492 705 518 756 p.
529 683 572 748 H),
593 682 664 738 unde
682 682 753 736 sides
773 680 870 736 multos
889 681 942 734 iarn
960 692 1023 736 ante
1040 681 1210 738 Zenodotum
1229 683 1301 740 banc

252 775 368 828 nominis
387 775 502 826 sormam
521 772 548 826 in
568 771 677 826 Homeri
695 769 860 826 carminibus
878 769 1016 824 invenisse.
1065 767 1108 840 op*
1126 772 1302 827 Antimachus
1323 763 1332 772 ⁸

250 884 301 935 pro
320 859 354 922 sic
374 863 461 934 posuit
474 861 531 929 ⁶⁴),
563 879 644 933 quem
670 879 746 913 usum
774 857 846 912 unde
872 857 979 910 haurire
1005 859 1107 930 potuit,
1132 859 1182 914 nisi
1203 879 1217 915 e
1235 861 1302 916 locis

251 949 417 1003 Homericis?
441 949 479 1002 Ut
497 949 651 1002 zenodotus
668 953 695 1014 β,
718 946 768 1002 144
786 956 812 1000 cl
836 947 858 1012 ξ,
876 945 929 1000 499
948 940 983 1014 orl
1002 963 1057 999 non
1077 948 1226 1016 noraserit,
1255 953 1300 1004 sed

250 1039 388 1092 invenerit.
422 1037 550 1090 Formam
568 1029 677 1107 ἤμελλον
693 1057 721 1099 μ,
741 1033 776 1090 34
795 1033 909 1118 habuit,
927 1051 1009 1103 quam
1028 1033 1142 1087 Hesiodo
1160 1049 1252 1090 uotam
1272 1040 1298 1090 io

251 1127 413 1186 editionibus
430 1115 560 1179 invenisse
583 1124 695 1180 ridetur.
743 1122 824 1191 Quod
844 1141 858 1175 e
877 1121 1030 1176 Zenodotea
1057 1122 1174 1177 'editione
1199 1130 1226 1190 β,
1245 1126 1298 1181 484

251 1217 385 1270 adfertur:
410 1216 518 1266 Morinos
535 1211 717 1279 pudissimi,
740 1209 945 1264 iam-Pindarus
969 1210 996 1262 in
1013 1208 1131 1264 Homero
1152 1211 1243 1283 legisse
1261 1213 1300 1266 ri-

252 1304 338 1357 detur.
374 1301 418 1356 et.
438 1300 517 1374 Pyth·
535 1299 555 1366 l,
575 1299 619 1357 23.
656 1298 746 1371 Atque
764 1297 897 1351 Zenodoti
917 1293 1026 1367 eripueris
1044 1294 1123 1350 uineis
1140 1300 1190 1364 (cl.
1209 1299 1298 1354 Schol.

248 1413 275 1458 r,
294 1389 355 1446 364.
373 1413 394 1456 o,
416 1389 481 1456 192)
507 1388 534 1441 in
554 1386 665 1441 Pindari
684 1385 836 1457 fragmento
859 1384 931 1448 (ride
949 1382 1070 1438 Crameri
1089 1383 1191 1438 Anecd.
1210 1387 1298 1442 Oion.

243 1480 259 1532 l
280 1499 305 1551 p.
324 1479 386 1535 20l.
421 1475 618 1530 Schneidewin.
643 1474 749 1528 exercit.
773 1474 830 1527 crit.
848 1492 874 1544 p.
892 1471 941 1537 23)
958 1472 1115 1527 invenimus.
1137 1473 1221 1526 -Non
1247 1475 1300 1528 du-

249 1559 318 1633 bilo,
339 1566 405 1639 quin
424 1565 531 1620 criticus
549 1561 679 1636 Ephesius
696 1555 811 1632 ἦδυμος,
831 1579 884 1613 nnn
904 1560 1018 1628 νήδυμος
1033 1552 1121 1632 ὕπνος.
1133 1560 1161 1612 in
1180 1559 1299 1617 Homero

250 1656 360 1728 legerit,
389 1673 472 1726 quum
499 1652 572 1705 illam
600 1651 716 1704 sormam
741 1646 918 1702 Antimachus
936 1645 1037 1713 (Schol.
1061 1653 1088 1713 β,
1101 1650 1145 1715 2),
1175 1648 1297 1717 Alcman,

249 1743 410 1806 Simonides,
430 1739 621 1813 Epicharmus,
637 1737 783 1792 Hesiodeus
799 1748 877 1809 poeta
897 1747 923 1789 et
941 1746 1036 1790 auctor
1051 1735 1188 1791 Homerici
1206 1737 1299 1809 hymni

248 1834 276 1886 in
294 1829 461 1884 Mercurium
481 1828 611 1881 noverint.
659 1825 702 1881 Cl.
721 1825 814 1896 Langii
841 1823 1037 1878 ohservationes
1061 1823 1167 1878 criticae
1194 1829 1221 1879 in
1240 1827 1298 1880 llia·

250 1919 311 1970 dem
331 1927 398 1985 part.
412 1915 435 1966 tt
454 1915 509 1986 pt
527 1934 566 1986 sq.
577 1913 623 1980 ⁶⁵).
659 1913 688 1965 si
706 1912 862 1965 zenodotus
881 1931 943 1965 cum
955 1910 1062 1966 Cratete
1079 1924 1105 1966 et
1123 1913 1298 1968 Eratosthene

248 2022 327 2074 saepe
346 2002 446 2054 formas
464 2000 550 2054 dualis
568 2011 593 2054 cl
612 1999 722 2072 pluralis
740 1994 882 2052 conlundit
899 2000 945 2064 (cf.
962 1999 1052 2054 Schol.
1071 1999 1100 2065 ο),
1118 1999 1196 2068 282),
1215 2004 1298 2056 libros

248 2090 406 2145 Homericos
421 2089 478 2144 sine
496 2089 580 2142 dubio
597 2099 703 2142 secutus
727 2099 779 2153 est;
807 2105 869 2140 nam
897 2099 973 2159 poeta
999 2087 1092 2159 hymni
1109 2088 1243 2143 Homerici
1269 2091 1298 2144 in

248 2178 402 2252 Apollinem
417 2179 457 2247 ⁶⁶)
481 2177 587 2232 dualem
607 2177 679 2230 serbi
696 2195 747 2254 pro
767 2175 863 2247 plurali
882 2175 959 2230 habet
976 2175 1049 2242 (456.
1067 2175 1149 2243 487),
1177 2179 1249 2250 quod
1267 2199 1299 2232 es

247 2268 396 2323 Homericis
415 2267 593 2333 carminibus,
621 2266 710 2338 qualia
732 2276 796 2319 tunc
814 2264 985 2330 serebantur,
1010 2283 1072 2317 eum
1091 2266 1231 2337 sumpsisse
1250 2285 1300 2320 ne-

248 2375 320 2411 cesse
339 2368 385 2410 est.
423 2355 521 2410 Aratus
538 2356 664 2425 spritum
688 2366 714 2408 et
730 2360 826 2420 usum
847 2345 957 2425 pluralis
975 2352 1030 2405 rice
1049 2372 1110 2406 usus
1126 2365 1167 2406 est
1183 2354 1299 2422 (Phaon.

248 2441 309 2500 968.
337 2441 435 2512 1023),
469 2459 549 2515 quem
576 2438 709 2515 participii
734 2441 821 2496 dualis
844 2459 920 2495 usum
948 2439 1103 2496 zenodotus
1126 2442 1155 2495 in
1179 2442 1299 2497 Homero

248 2549 303 2583 non
324 2530 391 2584 tulit.
438 2529 440 2534 ’
777 2529 779 2536 ’

301 2618 447 2670 Videamus
473 2615 556 2688 igitur
573 2615 706 2672 Zenodoti
729 2617 873 2688 scripturas
894 2618 927 2674 ab
948 2615 1101 2670 Aristarcho
1119 2613 1296 2688 discrepantes
1363 2643 1367 2648 ·

246 2724 325 2778 saepe
344 2725 357 2758 e
377 2705 556 2759 vetustissimis
573 2705 676 2760 llusisse
694 2706 863 2760 editionibus.
900 2709 935 2760 At
953 2704 1015 2759 inde
1028 2704 1139 2758 minime
1156 2705 1297 2778 colligitur,

248 2795 365 2867 primum
384 2792 493 2846 Homeri
511 2791 663 2864 διορθωτήν
681 2815 745 2850 raro
763 2805 809 2848 aul
833 2811 972 2866 nunquam
997 2793 1161 2848 alibrorum
1180 2796 1299 2848 auctori·

247 2891 300 2934 tate
319 2879 470 2948 recessisse,
497 2879 581 2932 immo
602 2900 664 2933 eum
683 2881 848 2954 saepissime,
877 2902 946 2954 quae
966 2883 1029 2936 arlis
1049 2882 1157 2937 criticae
1182 2883 1299 2937 incuna-

246 2965 307 3020 bula
328 2975 418 3034 erant,
438 2963 547 3038 ingenio
567 2967 720 3039 indulsisse,
742 2991 825 3044 quum
848 2991 936 3042 neque
954 2969 1124 3024 Homericam
1143 2967 1298 3041 dictionem,

208 3079 212 3086 ·
246 3073 335 3126 neque
353 3054 468 3108 nativam
490 3067 584 3126 poetae
602 3056 798 3131 simplicitatem
822 3059 947 3132 epicique
975 3059 1101 3116 carminis
1125 3073 1209 3116 artem
1233 3081 1297 3135 per·

244 3205 522 3218 ,.-....-——.--—-

294 3294 349 3363 64)
361 3293 404 3349 Cl.
412 3293 489 3351 Stolt.
500 3294 518 3348 l.
528 3294 545 3350 l.
558 3316 583 3369 p.
596 3295 639 3361 99,
655 3294 727 3349 unde
738 3294 810 3348 sides
821 3294 938 3349 eundem
947 3293 1103 3349 Callimachi
1118 3299 1295 3353 usumfuisse.

245 3367 435 3422 Antimachum
455 3361 490 3439 pp*
508 3367 678 3439 yyprirrtoosr
702 3367 836 3438 scripsisse
864 3379 929 3438 puto
955 3369 1006 3434 (cl.
1025 3367 1088 3422 Hes.
1104 3369 1160 3442 Op.
1176 3383 1213 3425 'et
1239 3371 1296 3424 dies

247 3438 318 3503 186).
363 3439 469 3506 Schol,
497 3440 543 3512 qui
562 3439 715 3494 Antimachi
743 3439 833 3492 locum
852 3438 956 3506 adlert,
988 3452 1116 3511 corrupte
1136 3446 1218 3512 piper
1237 3443 1296 3506 alos,

246 3527 313 3580 ‘³⁰²‘
333 3511 501 3632 ”illidii
515 3512 708 3641 ‘lmllitl'
727 3509 1117 3644 ‘dliinlhiiilffl‘r'll
1130 3526 1201 3638 'alt
1220 3517 1297 3638 ‘3⁵¹3

244 3591 408 3720 lqueldlnllm
426 3649 491 3703 οἷσιν
506 3601 674 3718 ¹(alslsdbo),
692 3619 823 3722 Hergltius
840 3648 875 3722 up*
894 3603 1021 3722 dlyll'pllsr
1037 3605 1124 3708 iddare
1171 3659 1175 3704 2
1205 3623 1214 3652 l
1249 3608 1265 3658 p
1293 3687 1295 3694 ,

296 3720 349 3786 65)
369 3722 408 3774 De
424 3719 548 3789 νήδυμος,
568 3723 640 3794 qnod
661 3735 732 3776 recte
752 3725 867 3778 restituit
884 3724 1062 3792 Aristarchus,
1081 3727 1116 3780 cl.
1132 3727 1249 3780 Faerber
1266 3727 1295 3780 in

244 3792 385 3850 annalibus
405 3793 503 3846 criticis
521 3793 738 3848 Berolinensibus
760 3794 828 3850 1844
846 3816 872 3866 ρ.
890 3793 1021 3868 623‘sqq.

298 3863 348 3932 66)
368 3865 452 3918 Nimis
477 3865 603 3920 audacter
621 3866 794 3919 Heimnitsins
818 3866 863 3933 (de
881 3867 1059 3921 declinatione
1077 3868 1180 3923 Graeca
1200 3889 1226 3942 p.
1249 3871 1296 3938 15)

244 3937 409 4009 suspicatur,
433 3933 564 4008 hymnum
583 3938 755 3992 Homericum
776 3940 804 3990 ln
824 3939 977 4012 Apollinem
992 3939 1208 3995 Ptolemaeorum
1228 3954 1297 3994 tem·
1374 3955 1377 3963 “

245 4027 310 4080 pore
330 4008 538 4080 esseocrtptnm.
575 4008 654 4063 Certe
668 4010 798 4082 hymnum
818 4012 845 4064 in
858 4010 1010 4081 Apollinem
1024 4011 1132 4066 Delium
1153 4013 1206 4066 iam
1220 4013 1297 4066 Thu·

244 4078 352 4152 cydides
370 4080 450 4133 norit.
488 4080 529 4132 De
546 4079 710 4152 hymnorum
729 4081 934 4136 Homericorunt
959 4093 1043 4136 aetate
1062 4086 1096 4139 cl.
1114 4084 1245 4138 Kiese'lius
1263 4087 1297 4136 de

244 4151 356 4294 pympao3
370 4151 569 4296 ippIApollinem
587 4153 732 4208 Homerico
755 4173 782 4224 p.
802 4153 835 4212 26
849 4175 908 4227 sqq.
950 4155 1131 4210 Bernhardius
1149 4157 1172 4210 H
1197 4178 1223 4230 p.
1245 4157 1302 4212 129.
