2896 4888
750 409 822 484 176

320 595 402 666 Quod
422 596 442 649 si
461 612 555 648 omnes
573 611 662 646 versus
675 591 786 648 omissos
803 594 961 666 respicimus
972 593 1021 665 4²),
1040 595 1208 654 Aristarchus
1227 601 1322 654 Zeno-

267 686 323 740 doti
342 703 482 739 censuram
502 683 537 736 ita
556 691 661 736 secutus
679 678 734 749 sat,
754 693 783 735 ut
800 681 881 736 semei
901 683 958 755 ipse
976 701 1037 738 cum
1052 685 1194 742 Zenodoto
1212 705 1321 742 versum

267 775 375 830 eiiceret
390 776 436 839 (θ,
455 770 536 838 412),
564 769 655 840 viginti
674 769 795 841 quinque
820 769 886 824 iocis
902 769 1009 824 eosdem
1031 787 1120 826 versus
1138 774 1217 827 obelo
1239 787 1321 828 nota-

267 873 307 916 ret
324 864 369 930 (θ,
388 860 431 914 37.
451 859 511 916 284.
529 857 579 914 371
600 877 640 929 sq.
658 855 810 913 385-387.
829 858 882 914 557
900 878 938 930 sq.
966 883 983 925 ι,
1003 859 1119 916 23-25.
1137 885 1155 928 ι,
1174 862 1238 918 416.
1255 862 1321 919 694.

267 974 291 1018 κ,
304 950 366 1005 240.
378 947 441 1004 253.
459 947 520 1002 497.
540 950 563 1010 t,
580 945 611 1001 13
624 965 665 1017 sq.
686 944 802 1000 'te-83.
823 946 875 1001 179
888 965 927 1017 sq.
946 945 1008 1001 356.
1025 947 1088 1002 515.
1106 949 1168 1004 705.
1186 971 1215 1016 μ,
1229 951 1320 1006 175-’-

268 1038 328 1093 181.
346 1039 368 1099 h.
388 1035 448 1090 114.
467 1033 520 1090 376
535 1053 574 1104 sq.
593 1055 615 1097 o,
629 1033 746 1099 64-77,
763 1034 810 1086 uhi
829 1033 996 1088 Aristarchus
1013 1053 1101 1089 sersus
1117 1037 1181 1091 inde
1203 1058 1220 1091 a
1239 1059 1263 1090 v·
1281 1041 1320 1095 56

266 1123 438 1180 addubitavit.
462 1119 614 1177 266-268.
634 1119 786 1176 610-614.
804 1140 832 1186 π,
851 1119 913 1176 237.
932 1121 986 1176 Oti.
1004 1125 1028 1188 i,
1048 1123 1125 1190 245),
1148 1126 1260 1199 reliquis
1279 1129 1320 1181 vi-

266 1212 333 1284 ginti
352 1229 447 1264 novern
461 1210 519 1262 eius
537 1208 680 1274 iudicium,
707 1218 839 1279 quantum
858 1207 988 1274 sciamus,
1005 1229 1062 1263 non
1089 1213 1224 1282 probaret.
1261 1213 1320 1268 Nos

265 1313 338 1357 recte
355 1299 524 1353 Zenodotum
544 1317 632 1350 versus
650 1295 782 1360 omisisse,
812 1297 858 1350 etsi
886 1316 941 1350 non
967 1298 1067 1370 ubique
1084 1300 1142 1354 eius
1158 1314 1319 1371 argumenta

265 1387 419 1464 probamus,
439 1404 578 1440 censemus
595 1384 635 1438 his
652 1382 818 1453 undeviginti
834 1383 914 1438 iocis:
931 1389 958 1451 β,
976 1384 1038 1441 674.
1057 1391 1086 1442 θ.
1105 1386 1148 1441 37.
1168 1388 1222 1443 557
1239 1408 1278 1460 sq.
1300 1413 1318 1454 a,

264 1478 327 1534 416.
345 1476 406 1534 694.
428 1497 451 1539 κ,
470 1473 532 1529 497.
552 1475 575 1540 λ,
598 1471 630 1528 13
648 1491 687 1543 sq.
706 1470 821 1527 78-83.
839 1471 900 1527 515.
920 1472 982 1527 705.
999 1495 1027 1540 μ,
1050 1474 1239 1540 175-181,ε,
1257 1478 1319 1532 114.

265 1565 318 1622 376
336 1585 375 1636 sq.
394 1586 417 1628 o,
434 1561 543 1618 64-77
566 1560 624 1627 (ubi
642 1559 847 1631 interpolation
874 1579 895 1612 v.
914 1559 949 1615 56
968 1562 1081 1633 incipit).
1107 1561 1261 1620 610-614.
1287 1587 1316 1632 π,

264 1649 520 1718 431-461(serius
537 1647 703 1716 432-458).
726 1667 752 1717 ρ,
770 1647 921 1704 404-425.
938 1647 994 1703 od.
1012 1656 1048 1718 θ,
1065 1651 1127 1708 412.
1145 1655 1169 1719 λ,
1188 1653 1252 1721 245,
1271 1673 1316 1708 re·

265 1740 345 1811 liquis
369 1757 432 1792 sero
458 1736 566 1807 triginta
589 1737 710 1808 quinque
725 1737 759 1789 ah
780 1736 837 1789 eius
854 1735 960 1791 licentia
979 1738 1137 1793 recedimus.
1186 1738 1317 1796 Ceterum
1351 1731 1356 1740 ’

263 1828 308 1880 hic
326 1844 435 1896 quoquc
451 1823 619 1877 monendum
637 1835 679 1878 ert
703 1843 828 1878 mancam
842 1824 1015 1880 Zenodoteae
1038 1827 1202 1881 recensionis
1219 1830 1318 1900 cogui-

262 1914 366 1966 tionem
384 1910 463 1963 nobis
480 1929 536 1962 esse
553 1929 726 1977 concessam,
743 1921 773 1964 ut
791 1911 946 1968 zenodotus
964 1913 1062 1968 multos
1079 1935 1169 1970 versus
1187 1918 1319 1984 omiserit,

264 1999 397 2072 probante
413 1995 582 2064 Aristarcho,
609 2017 728 2069 quorum
754 1998 849 2052 notitia
879 2019 989 2071 prorsus
1014 2002 1108 2073 periit,
1136 2015 1218 2076 atque
1239 2005 1317 2073 aiios,

263 2086 416 2142 Aristarcho
435 2097 480 2141 aut
498 2085 577 2156 obelo
596 2096 710 2171 notatos,
728 2096 775 2139 aut
793 2105 848 2140 non
866 2087 1044 2156 addubitatos,
1062 2091 1206 2145 sustulerit.

259 2212 538 2227 „ww-m...-

316 2289 363 2355 41)
383 2286 484 2339 Multos
509 2285 574 2340 aiios
596 2306 685 2340 versus
703 2289 873 2345 Zenodotum
889 2289 1009 2360 omisisse
1028 2289 1149 2344 dubitare
1166 2311 1222 2344 non
1242 2292 1315 2348 licet.

261 2358 494 2503 Li'upore‘ip'rendos
510 2377 564 2410 esse
579 2360 719 2430 suspiceris
737 2381 841 2429 versus,
868 2381 936 2434 quos
955 2361 1146 2434 Aristophanes
1164 2383 1220 2418 non
1240 2365 1316 2440 legit,
1378 2436 1383 2444 Ι
