2880 4888
640 1321 671 1394 l.

215 1464 279 1556 'uu
301 1494 570 1556 zuuooorusa
593 1494 861 1563 ouausrroms
884 1497 1095 1560 nonninus,

190 1885 348 1942 Uberrimus
366 1888 537 1942 Zenodoteae
556 1886 717 1960 quaestionis
736 1887 796 1940 sons
813 1885 927 1942 scholiis
950 1887 978 1940 in
997 1886 1104 1942 Iliadem
1123 1891 1190 1944 scri-

137 1975 189 2047 ptis
213 1977 380 2043 continetur,
405 1995 520 2048 quorum
546 1975 696 2048 principem
723 1975 814 2030 locum
839 1975 962 2028 obtinent
985 1993 1030 2042 ea,
1055 1976 1153 2046 quibus
1176 1995 1190 2028 e

137 2065 362 2132 praestantissimo
384 2062 472 2116 iliadis
497 2062 603 2130 codice,
629 2061 733 2116 Veneto
758 2063 781 2116 A
808 2060 888 2131 (Cod.
913 2061 1011 2117 Graec.
1037 2059 1191 2115 CCCCLlV

136 2151 207 2205 Btbt.
227 2153 296 2205 Ven.
321 2150 350 2205 S.
368 2150 484 2218 Marri),
509 2150 543 2204 ab
568 2149 746 2202 eruditissimo
766 2149 912 2202 Villoisone
934 2150 1010 2203 editis
1033 2167 1100 2202 nota
1129 2149 1192 2202 artis

135 2239 245 2294 criticae
262 2239 291 2292 in
308 2239 428 2291 Homero
447 2223 609 2290 exercendae
630 2236 698 2289 iacta
717 2255 771 2288 esse
788 2235 961 2290 fundamenta
981 2235 1051 2288 miro
1070 2255 1192 2290 successu

135 2325 328 2381 demonstrarit
346 2325 475 2379 Friderici
496 2325 608 2396 Augusti
627 2323 721 2376 Wolsti
741 2323 801 2376 felix
820 2323 965 2391 subtilitas,
990 2343 1130 2395 nunquam
1150 2343 1194 2376 sa-

136 2416 170 2470 tis
188 2413 378 2484 praedicanda.
420 2413 500 2466 Unde
519 2432 581 2468 vero
600 2411 691 2478 hausta
711 2412 764 2464 sint
782 2412 888 2484 egregia
907 2412 951 2466 illa
970 2411 1077 2468 Scholia
1095 2414 1123 2466 in
1144 2433 1192 2468 co-

137 2505 197 2558 dice
216 2503 240 2556 A
258 2515 374 2570 serrata,
401 2503 626 2575 esubscriptioue
645 2500 818 2572 intelligitur,
846 2521 915 2574 quae
939 2501 967 2554 in
990 2501 1044 2556 line
1062 2501 1192 2574 cuiusque

138 2592 218 2659 libri,
244 2591 340 2645 ultimo
360 2603 486 2663 excepto,
512 2590 625 2662 legitur,
649 2587 689 2642 his
712 2589 768 2640 sere
787 2589 872 2641 verbis
891 2600 1035 2662 conceptas
1059 2587 1193 2657 Ποράιει-
1304 2587 1315 2596 “

138 2701 186 2732 ται
202 2677 237 2732 cd
255 2677 432 2750 Ἀριστονίκου
456 2691 549 2750 σημεῖα
569 2679 643 2748 (post
666 2675 766 2728 librum
791 2693 807 2726 σ
832 2694 894 2728 cum
921 2676 1103 2730 additamento
1126 2671 1192 2737 perd

139 2763 354 2838 ὑπομνηματίου,
383 2767 455 2839 quod
479 2765 587 2820 serioris
611 2764 715 2818 ridetur
741 2783 796 2816 esse
821 2763 927 2831 aetatis)
952 2768 996 2816 ναί
1024 2758 1063 2814 ἰα’
1072 2759 1193 2827 Διδύμων

140 2860 200 2925 περὶ
216 2859 266 2922 τῆς
282 2852 478 2925 Ἀρισταρχείου
497 2852 672 2924 διορθώσεως,
693 2849 752 2903 md
774 2854 803 2902 dl
821 2857 865 2904 ναί
883 2855 909 2903 le
929 2854 976 2920 τῆς
988 2848 1098 2922 Ἰλοανῆς
1115 2873 1194 2923 προς·

142 2938 395 3014 ῳδίωςἩρωδιανοῠ
414 2949 457 2995 καί
472 2947 497 2994 lx
515 2949 568 2995 τῶν
581 2942 728 3008 Νικάνορος
748 2943 808 3009 nepl
827 2941 876 3008 τῆς
883 2933 1028 3009 Ὁμηρικῆς
1041 2943 1151 3008 στιγμῆς
1161 2940 1194 3003 ¹).

197 3032 363 3084 Aristonicus
385 3031 455 3083 libro
483 3035 542 3100 περί
566 3035 676 3098 σημείων
693 3022 804 3083 Ἰλιάδος
823 3032 867 3077 καί
884 3023 1037 3085 Ὀδυσσείας
1060 3024 1113 3079 sirie
1136 3030 1196 3096 περὶ

145 3123 253 3186 σημείων
269 3111 392 3190 “Omjpov
417 3119 492 3191 signa
517 3119 609 3172 critica
635 3117 669 3168 ab
690 3113 843 3174 Aristarcho
866 3115 1017 3170 recensioni
1035 3114 1195 3196 liomericae

144 3204 249 3275 appicta
268 3205 302 3260 ita
321 3206 513 3277 explicaverat,
538 3216 567 3258 ut
586 3222 677 3258 causas
701 3220 796 3253 eorum
822 3221 851 3253 es
869 3201 1015 3255 Aristarchi
1035 3213 1061 3254 et
1078 3201 1197 3255 Aristar·

144 3292 271 3360 cheorum
289 3296 394 3366 scriptis
411 3303 569 3365 exponeret,
589 3309 802 3361 nonnunquam,
825 3288 980 3360 pracsertim
1000 3290 1027 3341 in
1046 3287 1132 3362 διπλῇ
1150 3309 1197 3340 nr-

144 3387 319 3454 ριεστιγμένη,
347 3402 398 3454 qua
427 3393 521 3434 contra
540 3380 710 3433 Zenodotum
730 3374 898 3430 Aristarchus
918 3395 981 3428 usus
998 3387 1069 3442 erat,
1093 3376 1197 3448 priores

144 3470 287 3542 scripturas
304 3469 573 3538 commemorare12).
618 3468 678 3522 Alia
696 3464 807 3538 Didymi
833 3475 888 3519 erat
913 3463 994 3532 ratio,
1025 3465 1071 3538 qui
1097 3467 1197 3538 scripto

144 3562 204 3628 περί
221 3561 269 3627 τῆς
287 3554 482 3628 Ἀρισταρχείου
501 3555 666 3628 διορθώσεως
685 3565 745 3627 post
759 3553 941 3609 Aristonicum
961 3553 1031 3609 edito
1050 3555 1196 3610 Aristarchi

199 3792 230 3859 1)
248 3790 291 3844 De
310 3809 362 3861 qua
386 3787 582 3860 subscriptione
606 3796 666 3856 post
692 3785 867 3840 Villoisonem
891 3783 1030 3855 (Prolegg.
1056 3802 1082 3853 p.
1102 3777 1199 3847 ΧΧΧΙ)
1242 3804 1246 3813 ·

146 3873 269 3946 arcura-te
294 3863 347 3946 egit
371 3860 539 3983 doptissimus
557 3857 680 3943 buehrsius
698 3859 786 3930 prima
814 3857 999 3911 dissertatione
1024 3853 1086 3906 libri
1111 3854 1198 3906 eximii

146 3937 179 3988 de
198 3931 729 4074 alpesque}lppqonqugppperrps·xvm·
747 3998 837 4052 behrs.
855 4017 882 4072 p.
902 3998 914 4052 1
936 4017 995 4068 sqq.
1014 3992 1147 4047 Muetzell.
1166 3994 1199 4078 de

147 4077 333 4131 emendatione
349 4073 525 4145 Theogoniae
543 4020 691 4124 ltesiodeae
710 4091 736 4144 p.
756 4071 810 4127 288
827 4091 880 4142 sq.‚
906 4069 952 4140 qui
972 4069 1069 4120 rectius
1086 4065 1119 4118 de
1138 4067 1200 4117 Arr-

147 4149 242 4203 stonici
260 4157 346 4199 aetate
364 4145 495 4199 iudicavit.
532 4143 608 4198 Adde
622 4141 815 4197 Graelenhanii
835 4143 894 4196 bist.
913 4137 1007 4210 philol.
1024 4135 1036 4189 l
1055 4157 1081 4209 p.
1092 4136 1145 4191 400
1159 4157 1199 4208 sq.

147 4221 170 4273 ll
188 4240 214 4293 p.
233 4217 268 4273 43
288 4237 327 4290 sq.
365 4215 434 4269 Vide
452 4216 521 4270 infra
540 4226 596 4269 not.
614 4213 657 4270 64.

959 4297 970 4352 l
