2886 4890
766 411 837 484 148
902 509 904 516 ,

294 605 336 660 Cl.
356 625 382 672 u,
402 601 445 660 58.
465 625 484 669 a,
502 601 545 657 52.
563 621 589 665 τ,
609 598 659 663 55;
690 597 727 670 ris
747 599 817 651 enim
839 597 901 652 mihi
922 599 1083 670 persuadeo,
1108 609 1138 653 ut
1162 600 1190 653 in
1209 600 1346 655 Zenodoti
1419 601 1423 606 '

293 697 379 751 serbis
397 696 424 747 in
444 689 588 746 Aristonici
614 697 676 741 nota
696 688 802 741 serratis
821 707 871 760 pro
891 693 1004 758 npoctpsp
1022 687 1165 758 legendum
1184 687 1217 741 sit
1236 693 1345 758 urrlsq.

263 777 268 796 ¹
345 787 376 850 I,
394 777 447 837 out
466 776 646 842 Aristarchus,
666 775 711 848 qui
731 778 826 844 διπλῆν
845 779 1051 844 περινοννγμένην
1069 775 1200 847 appinxit:

407 871 450 938 Τῷ
468 865 494 920 δ’
511 863 565 935 tipo
583 867 776 936 παρκατέλεκτο
794 862 874 933 ynsq',
893 861 941 933 τῷν
958 860 1094 929 Assume
1111 854 1177 933 ῷγνν.

291 955 444 1012 Zenodotea
463 955 610 1024 scriptura:

435 1045 479 1111 Τῷ
496 1043 525 1094 dl
545 1035 610 1108 rausi
626 1041 769 1109 nopllexso
788 1035 897 1106 Kcirsp',
917 1036 948 1107 ἣν
965 1035 1101 1103 Aeolides
1120 1025 1192 1107 iras,

290 1151 395 1188 merum
414 1128 546 1184 Zenodoti
566 1138 748 1180 commentum
768 1145 822 1179 esse
840 1127 948 1199 nequit,
967 1145 1050 1204 quum
1070 1145 1124 1180 non
1145 1127 1256 1190 videam,
1276 1124 1343 1195 quid

269 1223 473 1287 -Zenodotum,
499 1219 518 1271 si
538 1215 683 1270 Aristarchi
707 1215 866 1286 scripturam
891 1216 919 1268 in
946 1216 1072 1268 omnihus
1097 1215 1173 1267 libris
1190 1213 1342 1274 invenisset,

289 1313 323 1367 ad
342 1331 400 1365 eam
421 1305 616 1362 immutandam
636 1302 772 1374 impulerit
786 1303 833 1368 ¹¹).
883 1302 976 1371 Quum
1004 1323 1034 1356 ex
1057 1320 1106 1356 usu
1126 1301 1270 1355 Homerico
1291 1321 1343 1354 no-

289 1421 352 1456 men
370 1397 485 1452 feminae
504 1393 633 1465 praeponi
653 1391 748 1446 dehent
767 1402 847 1464 atque
866 1389 967 1461 Kriesp’,
985 1388 1016 1459 ἢν
1034 1390 1168 1457 Λεσβόθεν
1185 1379 1246 1458 ἦγεν
1261 1390 1343 1443 nimis

290 1491 403 1544 obscure
422 1486 522 1539 dictum
542 1483 589 1549 sit,
607 1481 729 1552 suspicor
746 1479 918 1533 Zenodotum
937 1481 964 1534 in
984 1477 1058 1533 libris
1077 1479 1206 1532 invenisse

421 1573 465 1642 Τῷ
482 1568 508 1625 d’
525 1568 577 1640 ἄρα
598 1571 790 1639 nopsurllrrro
809 1566 910 1639 Ku'esp'‚
929 1565 960 1637 ἢν
976 1565 1112 1633 Λεσβόθεν
1130 1554 1203 1636 ἦγον,

287 1673 414 1736 sequente
433 1679 506 1724 sensu
526 1658 633 1722 omisso,
653 1658 697 1711 uhi
718 1676 801 1729 quum
822 1675 876 1711 non
895 1655 1070 1728 intelligeret,
1095 1653 1198 1725 Κάειρα
1217 1655 1270 1708 sire
1290 1675 1341 1727 po-

287 1753 338 1807 tius
356 1746 476 1817 Κάβειρα
495 1747 542 1812 (cl.
560 1742 690 1797 Welclrer
709 1743 775 1798 Tril.
795 1763 821 1815 p.
839 1743 906 1812 211)
924 1761 1024 1797 nomen
1051 1743 1191 1815 proprium
1210 1762 1285 1811 esse,
1313 1756 1340 1796 ut

257 1819 263 1826 ¹
288 1856 344 1893 voc.
362 1831 427 1903 γυνὴ
447 1833 604 1898 intruderet,
622 1831 727 1885 initium
746 1851 835 1886 versus
848 1833 1004 1886 immutarit.
1042 1829 1186 1886 Aristarchi
1205 1831 1338 1901 scriptum

288 1923 438 1978 emendatio
458 1920 536 1973 luisse
556 1919 659 1972 videtur
677 1919 722 1971 diu
742 1929 803 1972 ante
822 1920 1015 1973 Alexandrinos
1040 1931 1137 1974 tentata
1157 1929 1182 1972 et
1201 1920 1228 1972 in
1247 1919 1339 1972 multis

285 2011 360 2066 libris
384 2019 506 2079 recepta,
533 2006 577 2059 sed
596 2005 650 2068 illi,
677 2025 757 2078 quam
776 2007 947 2061 Zenodotum
973 2009 1001 2060 in
1028 1995 1084 2062 aliis
1109 2006 1183 2062 libris
1207 1997 1338 2062 invenisse

286 2101 407 2166 diximus,
425 2093 617 2169 posthabenda.
660 2095 746 2148 Patris
765 2094 843 2149 huius
861 2096 976 2148 feminae
997 2097 1160 2158 mentionem
1181 2106 1261 2166 poeta
1281 2114 1337 2147 non

288 2187 371 2260 magis
388 2185 467 2252 fecit,
486 2203 567 2256 quam
586 2184 614 2236 in
635 2183 754 2238 Patrocli
773 2185 925 2238 concubina
944 2204 968 2236 r.
990 2181 1043 2240 667
1062 2203 1100 2256 sq.

338 2279 381 2343 K,
401 2271 454 2331 306
473 2283 544 2328 recte
564 2273 596 2325 de
614 2271 726 2326 Achillis
745 2271 820 2344 equis
840 2273 950 2344 legitur:

452 2360 488 2414 Οἵ
503 2381 544 2414 κεν
561 2358 664 2429 ἄριστοι
681 2362 740 2412 l'uus
759 2363 828 2434 θοῇς
846 2365 886 2412 lul
902 2365 992 2432 sprot»
1009 2358 1129 2427 Ἀχαιῶν.

207 2437 209 2446 ’
283 2450 438 2504 Zenodotus
459 2469 535 2516 sero,
561 2467 645 2520 quum
674 2469 729 2504 nou
754 2449 928 2521 intelligeret,
956 2449 1096 2521 quomodo
1120 2445 1208 2513 Dolo,
1239 2467 1338 2520 quem-

284 2557 363 2610 quam
383 2536 482 2590 Hector
500 2537 616 2608 optimos
644 2547 746 2591 tantum
766 2555 848 2609 equos
877 2537 1075 2606 nominaverat,
1100 2537 1133 2590 do
1153 2535 1278 2590 Achilleis
1297 2536 1337 2588 lo·

283 2639 381 2700 quatur
400 2628 436 2690 (ν.
456 2624 509 2680 322
527 2626 597 2696 sq),
617 2637 644 2678 ut
664 2625 774 2679 Achillis
793 2644 891 2678 nornen
911 2625 1031 2692 inlerret,
1050 2625 1150 2680 infelici
1169 2626 1337 2692 coniectura,

283 2734 297 2767 e
316 2733 390 2766 versu
410 2710 462 2768 323
481 2711 578 2778 ducta,
598 2713 716 2784 scripsit:

485 2795 609 2864 Adrodc,
628 2803 661 2852 οἳ·
670 2806 803 2871 φορέουσιν
822 2799 941 2864 ciprinum
961 2805 1111 2872 Πηλείωνα,

282 2906 362 2960 quam
382 2884 572 2957 Aristophanes
590 2889 705 2960 recepit,
735 2889 786 2943 nisi
812 2891 884 2962 quod
912 2909 962 2962 pro
981 2887 1077 2949 udrorie
1096 2890 1208 2944 correxit
1226 2889 1335 2956 auteur,

280 2973 448 3029 Aristarchus
467 2992 529 3026 vero
548 2987 621 3030 recte
639 2978 742 3033 sustulit
756 2979 805 3048 1²).

330 3068 366 3130 P,
384 3062 437 3119 582
457 3063 553 3116 ceteri:

419 3143 536 3223 Ἕκτορα
554 3148 580 3204 d’
596 3149 706 3220 ἐγγύθεν
724 3155 860 3218 ἱστάμενος
878 3152 989 3227 si'rpvres
1008 3153 1149 3212 :salttum

279 3235 371 3307 Quum
391 3237 490 3309 Apollo
510 3256 534 3308 p,
553 3241 584 3296 'll
608 3261 667 3314 sqq.
703 3241 812 3297 Hectori
831 3255 973 3315 appareat,

390 3323 462 3398 α’νέρι
478 3324 622 3392 εἱσάμενος,
639 3329 759 3384 Κικόνων
778 3328 888 3404 ἡγήτορι
906 3337 999 3402 Μέντῃ
1018 3331 1077 3400 (alii
1097 3333 1206 3400 Hslpp),

329 3498 376 3563 ll)
398 3497 563 3552 Aristonicus
588 3509 681 3552 contra
708 3497 878 3552 Zenodotum
903 3506 1008 3552 monet:
1035 3499 1098 3556 Πῶς
1121 3499 1150 3550 ‹tt
1168 3497 1289 3552 umam
1314 3496 1331 3569 ἤ

276 3572 382 3638 Καρίνη
401 3571 501 3634 Λεσβία
518 3563 597 3635 εἶναι,
616 3575 638 3622 ri
657 3569 696 3639 μή
714 3569 767 3640 ἄρα
785 3572 888 3641 ῥητέον,
914 3563 955 3622 ‘o'rs
973 3567 1022 3636 τῷν
1040 3572 1141 3634 Λέσβον
1158 3567 1221 3622 τότε
1239 3573 1330 3640 Κᾶρες

276 3639 423 3706 νανῳ’κνυν;
461 3644 496 3692 At
521 3641 574 3692 iam
602 3641 720 3695 Wolfius
747 3641 886 3713 (Prolegg.
912 3661 937 3710 p.
965 3639 1070 3705 CCXll)
1101 3652 1172 3693 recte
1200 3652 1329 3696 annotat:

273 3710 454 3838 {iggitonafflm
472 3711 696 3840 iAriiiwiciigd
721 3713 839 3837 lugisehat
866 3711 981 3834 historia¹
1006 3711 1277 3818 captas·Chry.seidis
1302 3735 1328 3776 u,

274 3821 370 3907 mulier
388 3785 724 3922 iadyildieiautpiendtti',
744 3793 1329 3928 6661163ῖὶἱέῃὲηρίιιιοᾞυῑῷὴξέῷιδιὲίαρῖξὶῗέ

274 3924 399 3979 Ceterum
420 3925 455 3979 cl.
471 3950 490 3992 s,
513 3925 572 3982 129.

325 3999 371 4065 12)
389 3997 465 4052 Haud
492 4006 614 4050 accurate
640 3996 672 4049 dc
698 3996 750 4051 hoc
774 3997 835 4052 loeo
861 3997 915 4068 egit
930 3995 1049 4068 Heynius
1067 3996 1116 4062 (Vl
1142 4013 1169 4066 p.
1188 3994 1326 4069 illisqui,

272 4065 292 4120 si
316 4081 420 4122 monet:
447 4069 509 4134 „De
528 4066 636 4122 Achillis
664 4088 677 4119 e
699 4069 739 4122 uis
766 4068 856 4122 locum
884 4069 1021 4140 accipiunt
1047 4069 1126 4121 etiarn
1145 4065 1278 4120 Schol.A
1301 4080 1327 4122 et

270 4140 312 4192 hr.
348 4137 439 4192 Dolon
465 4157 574 4211 quoque
598 4139 636 4192 sic
654 4087 723 4192 inira
743 4139 819 4202 291,''
841 4159 945 4194 versum
964 4139 1033 4205 323,
1061 4139 1107 4211 qui
1127 4155 1236 4191 omnem
1256 4141 1327 4194 tollit

271 4209 481 4278 dubitationem,
498 4211 623 4265 omittere
639 4209 708 4264 haud
725 4212 823 4266 debuit.
859 4211 982 4284 Spitsner
1000 4210 1065 4265 nihil
1082 4213 1139 4264 lere
1153 4209 1250 4264 attulit.

1420 4229 1422 4317 i
