2886 4890
722 370 795 442 116

245 570 271 612 et
293 559 343 613 177
364 555 495 624 recurrit,
514 553 684 608 Zenodotum
702 554 738 609 ita
758 553 901 609 attendisse
922 555 1033 620 ridetur,
1053 568 1082 610 ut
1098 556 1187 610 locum
1202 557 1296 612 inreti-

246 646 311 699 citer
329 653 452 698 tentaret.
487 639 580 700 Καλός
592 643 626 694 ’τε
642 646 721 708 μέγας
738 663 767 694 νε
786 643 818 695 de
836 643 934 698 ttalura
955 641 1071 696 hominis
1090 643 1189 698 dicitur
1206 650 1250 710 (ut
1267 668 1296 710 φ,

247 733 307 790 108.
342 731 397 787 Οδ.
416 730 438 798 ζ,
460 727 530 797 106),
548 741 628 802 atque
647 731 700 786 Od.
718 749 741 796 σ,
761 730 797 786 67
815 751 854 802 sq.
878 729 978 800 μηροδς
1006 727 1147 790 salacitas
1167 730 1296 798 μεγάλοις

244 841 271 871 τε
293 819 423 889 legimus,
441 829 468 872 at
486 819 520 872 de
538 817 671 872 cincinnis
688 819 779 890 inepte
797 818 849 873 dici
867 818 979 874 ridetur.

298 907 327 973 Ξ,
347 904 404 962 223
420 906 590 966 Zenodotu's:

414 991 417 998 ’
436 992 595 1065 Μειδὴσεωα
613 992 639 1048 δ’
656 995 744 1048 ἔπειτα
762 995 801 1066 ἑῷ
818 993 962 1062 ἓνκώτθέτο
982 991 1087 1063 adium,

243 1099 324 1152 quam
343 1082 501 1154 scripturam
521 1084 609 1156 ipsum
628 1083 762 1154 digamma
784 1104 806 1137 ν.
833 1084 867 1153 ἑῷ
890 1084 1075 1147 οοεαηισοδοῑς
1100 1082 1185 1137 multo
1208 1084 1296 1154 magis

243 1193 264 1224 ν.
284 1171 337 1226 219
354 1171 406 1241 ’τεῷ
424 1168 550 1237 ἐγκάτθεο
568 1171 673 1240 κόλπῳ,
698 1171 741 1226 cui
762 1175 852 1225 noster
876 1190 965 1226 sersus
985 1170 1135 1242 respondit.
1187 1170 1294 1239 Quodsi

241 1258 285 1312 hic
301 1258 434 1316 Homerus
451 1263 519 1328 uturp
539 1277 601 1312 cum
620 1259 773 1315 Aristarcho
792 1260 915 1326 dedisset,
934 1277 984 1312 cur
1001 1279 1056 1314 non
1075 1279 1097 1312 v.
1116 1256 1191 1316 219?
1222 1257 1294 1311 Nam

242 1347 314 1416 quod
326 1347 450 1417 Spitzner
467 1347 547 1414 dicit,
560 1348 691 1402 lunonem
708 1349 822 1402 Veneris
839 1346 977 1419 cingulum
997 1345 1153 1412 occuluisse,
1171 1363 1204 1398 ne
1225 1343 1294 1418 lup-

123 1479 130 1482 .
175 1423 178 1434 ¹
239 1437 311 1508 piter
326 1436 449 1488 fraudem
468 1435 590 1502 sentiret,
611 1436 637 1488 id
659 1435 841 1492 Aristarchum
864 1436 976 1506 quidem
992 1453 1097 1489 inurere
1119 1435 1293 1506 poterat,sed

143 1581 145 1588 ,
240 1523 359 1577 anatim
376 1522 486 1576 Homeri
506 1523 674 1595 simplicitate
694 1523 828 1579 abhorret.

292 1613 323 1662 Π
328 1649 335 1677 ,
354 1609 408 1666 233
426 1609 593 1666 Ζεαοδολαεί
1006 1653 1011 1671 .

353 1701 404 1756 Zeti
422 1696 482 1766 ἅνω,
502 1705 691 1768 Φηνωνατε,
711 1702 874 1766 Πελασνινὲ,
892 1700 990 1768 τηλόθι
1007 1702 1085 1758 aulus
1100 1698 1151 1768 ⁵⁵).

239 1785 292 1839 Alii
310 1789 450 1840 Βοιδωνατε
469 1788 502 1840 ab
521 1789 588 1840 urhe
605 1785 730 1858 Budoiap.
769 1787 1062 1842 AristarchiAuduaute
1082 1787 1160 1840 luisse
1177 1786 1291 1852 videtur,

231 1875 312 1943 'quod
331 1875 414 1927 libros
432 1875 584 1946 praebuisse
598 1877 666 1930 mira
683 1874 817 1930 Cleanthis
832 1876 983 1932 emendatio
1002 1871 1186 1928 α’ναδωδωνοῒε
1198 1887 1292 1929 osteu-

238 1962 293 2026 dit,
312 1962 385 2033 quod
403 1959 449 2014 τδν
466 1966 493 2014 le
511 1967 559 2032 τῆς
577 1966 625 2034 γῆς
650 1962 865 2027 ἀναθυμιώμενον
890 1962 954 2034 α’ἑρα
978 1961 1028 2016 διδ
1042 1959 1090 2032 τήν
1109 1959 1233 2016 ω’νώδοσιν
1251 1963 1287 2017 si·

238 2048 355 2120 gnificet.
391 2048 433 2102 Ci.
453 2049 588 2104 Plutarch.
615 2052 647 2106 de
672 2051 810 2106 audiendis
834 2051 986 2123 poetie'll.
1024 2055 1164 2106 Δωδωναῖε
1183 2069 1216 2104 eo
1235 2071 1289 2104 no-

231 2139 310 2190 ¹mine
329 2137 516 2191 reiiciendun
530 2143 585 2193 ess'e
604 2152 686 2212 puto,
714 2141 787 2214 quod
806 2135 939 2210 Δωδώνης
951 2137 1060 2212 Ιμεδέων
1085 2139 1136 2196 hac
1154 2139 1289 2210 scriptura

237 2238 346 2298 accepta
375 2226 504 2281 continuo
529 2227 596 2282 illud
614 2229 768 2295 Δωδωναῖε,
801 2228 877 2301 quod
907 2225 1034 2298 explicet,
1066 2228 1140 2298 aequi
1168 2226 1289 2284 deberet.

177 2315 184 2326 '
237 2318 403 2381 Φιῃωναῖος,
428 2315 641 2387 antiquissimum
660 2315 727 2370 lonis
745 2315 875 2388 Pelasgici
893 2335 908 2367 c
928 2333 1031 2387 quercu
1049 2316 1214 2376 vaticinantis
1230 2320 1287 2368 lut-

236 2407 329 2468 θετον,
347 2401 503 2456 Zenodotus
525 2403 628 2458 clibris
647 2404 784 2459 nonnullis
807 2403 947 2458 retinuisse
971 2401 1089 2470 ridetur,
1113 2403 1207 2458 formis
1224 2407 1288 2456 Βω-

236 2494 330 2544 durate
351 2501 381 2543 et
404 2490 544 2544 Δωδωναῖε
572 2492 638 2547 alios
662 2492 745 2547 libros
774 2491 977 2564 occupantibus.
1028 2491 1118 2564 lpsum
1143 2491 1287 2547 Dodonaei

236 2577 338 2632 oraculi
360 2577 451 2632 locum
471 2577 564 2650 Φηγών
587 2581 689 2637 dictum
708 2602 763 2637 esse
780 2579 937 2653 suspiceris,
964 2578 1039 2634 'uode
1062 2584 1212 2649 Φηγωναῖος
1237 2582 1287 2635 de-

235 2667 345 2721 ductum
360 2665 408 2735 ³⁶).

289 2867 338 2938 35)
358 2867 449 2938 Steph.
475 2888 497 2922 v.
523 2869 654 2941 Δωδώνης
679 2870 878 2942 Ζηνὸδοτοςδὶ
899 2867 991 2940 γράφει
1017 2873 1204 2938 Φηγωνατε,
1230 2872 1286 2922 luat

235 2943 260 2992 ἓν
278 2939 395 3010 Δωδώνῃ
414 2946 517 3009 πρῶτον
534 2941 615 3012 φηνδς
633 2943 800 3007 ἐμαντεύετο·
826 2949 870 2995 καὶ
888 2944 1004 3000 Σοωδδας
1030 2943 1060 2993 δέ
1083 2961 1159 3010 φησι,
1188 2947 1285 3010 Φηγα-

234 3017 308 3064 ναίου
327 3008 389 3070 Διδς
407 3009 474 3082 lapda
492 3007 565 3074 εἶναι.
583 3046 619 3056 -
655 3019 751 3074 Κινέας
769 3019 798 3070 δέ
817 3035 892 3084 φησι,
918 3009 992 3071 πόλιν
1020 3016 1044 3063 ἓν
1063 3013 1194 3080 Θεσσαλίᾳ
1218 3008 1286 3066 εἶναι

234 3087 279 3134 καὶ
297 3080 398 3153 Φηγόν,
421 3088 466 3134 καὶ
482 3081 512 3135 ad
529 3089 576 3137 τοῦ
593 3084 655 3146 Διδς
673 3101 793 3148 μαντεῖον
815 3089 850 3144 εἰς
861 3082 991 3152 Ἤπειρον
1008 3087 1202 3152 μετενεχθῆναι.
1239 3082 1284 3137 Cl.

234 3153 332 3207 Strabo
352 3153 402 3205 Vll
427 3165 491 3212 eutr.v
514 3155 605 3211 Schol.
626 3157 660 3210 B:
685 3160 718 3212 Oi
742 3159 784 3234 di·
795 3156 923 3228 γράφουσι
943 3159 1131 3224 Φηγωναϊε·
1149 3157 1285 3208 Σκοτουσ-
1349 3185 1356 3196 =
1406 3137 1411 3145 ¹

234 3239 302 3277 σαῖσι
318 3223 369 3298 γᾴρ
388 3237 451 3286 φασι
467 3225 529 3298 παρ’
545 3230 647 3288 ἑαυτοῖς
665 3229 742 3290 λόφον
760 3235 825 3282 εἰναι
841 3226 983 3292 Φανὸεντα,
1002 3224 1131 3290 ἀνοίγοντα
1149 3228 1283 3278 Σκοτούσ-

142 3331 149 3344 „
233 3315 280 3364 οης
300 3301 422 3354 σταδίους
440 3294 477 3364 ιώ,
496 3301 521 3351 δν
540 3286 560 3368 ᾧ
579 3299 641 3359 Διδς
660 3307 812 3371 dipensatori
830 3303 900 3352 insta
918 3298 993 3368 ἱερόν.
1030 3297 1114 3351 Notus
1132 3307 1168 3351 est
1187 3296 1285 3352 Hesio·

234 3370 299 3430 deus
317 3387 417 3424 versus:
1014 3424 1026 3450 τ

401 3433 531 3508 Δωδώνην
550 3439 630 3511 φηγόν
648 3462 692 3506 τε,
712 3444 854 3508 Πελασγῶν
873 3441 990 3508 ἕδρανον,
1009 3461 1083 3510 paea,

234 3508 276 3562 cui
296 3508 363 3560 adde
381 3509 421 3563 fra
443 3523 561 3564 mentum
582 3513 652 3584 apud
672 3512 762 3567 Schol.
780 3512 863 3584 Soph.
882 3511 978 3564 Trach.
1000 3510 1076 3565 1174.

288 3579 337 3646 36)
357 3529 549 3636 Valcienariua
567 3583 600 3636 de
618 3583 731 3637 Scholiis
749 3586 784 3637 ,in
803 3584 950 3658 Homerum
975 3582 1081 3636 ineditis
1105 3600 1130 3651 p.
1155 3579 1204 3636 126
1223 3601 1282 3652 sq.:

233 3651 421 3718 ‚,Zenodotus,
439 3655 515 3708 cuius
533 3656 711 3708 correctiones
729 3675 743 3709 a
763 3654 951 3708 Grammaticis
970 3654 1048 3724 vulgo
1067 3652 1190 3725 reiectae,
1209 3671 1284 3704 sem·

233 3723 321 3794 perti)
341 3722 429 3796 aliqua
447 3738 509 3779 sunt
527 3723 601 3796 parte
620 3727 862 3794 commendabiles,
881 3725 908 3778 in
928 3725 1037 3782 Homeri
1055 3723 1116 3783 loco
1134 3723 1281 3794 legendum

230 3795 380 3863 iudicabat,
405 3797 478 3869 quod
501 3817 516 3850 e
535 3796 661 3868 Stephani
684 3799 835 3871 fragmento
861 3798 962 3850 discere
980 3794 1107 3868 potuisset
1123 3791 1281 3850 Barncsius:

584 3901 587 3908 .
610 3873 661 3924 Ζεῦ
677 3867 741 3936 risu,
759 3882 901 3938 pqyoaruts,
927 3885 928 3893 ¹
951 3905 954 3917 .
1004 3909 1007 3920 .

231 3937 284 3988 sive
303 3936 391 4007 potius
416 3957 478 3991 curn
504 3937 560 3992 riro
578 3940 802 4010 praestantissimo
820 3938 1047 4010 (Moutalaiconio
1069 3935 1134 3994 bibl.
1154 3933 1281 4006 Coisl.,p.

230 4007 298 4075 284)
318 4006 454 4077 φηνώναιε,
475 4012 548 4082 quasi
567 4011 639 4065 dicas
658 4014 739 4083 adyti
751 4013 891 4064 Dodonaei
908 4011 1038 4063 incolam:
1057 4007 1091 4060 de
1110 4008 1178 4074 lore,
1195 4027 1280 4078 quer-

231 4099 278 4134 eus
295 4080 359 4136 olim
379 4081 490 4149 vocalis,
510 4093 536 4134 et
552 4083 661 4166 quidem
679 4081 878 4150 πολυγλώσσου,
894 4081 984 4136 incola
1006 4079 1084 4133 verha
1104 4078 1210 4134 Hesiodi
1231 4079 1282 4146 (ci.

231 4163 286 4230 not.
306 4151 352 4218 35)
370 4165 461 4223 putem
481 4154 651 4227 accipienda:
669 4168 737 4210 ναῖεν
758 4154 784 4208 δ’
803 4159 829 4207 ta
845 4158 960 4216 nudatus
977 4149 1085 4226 φηχοῦ.”
