2880 4888
635 375 772 452 ‘18

235 571 365 643 γνιόσομαι
384 576 427 624 καλ
444 565 476 622 τό
496 562 513 640 ἦ
531 587 585 621 κεν
604 564 623 618 α’
630 562 669 618 πό
689 562 809 633 Τρώων
832 560 919 626 usius
939 559 1094 630 α’νεγνωκιός.
1130 563 1209 633 Quae
1230 586 1285 620 non

235 676 307 719 recte
326 660 428 732 colligit
447 655 618 711 Aristonicus.
654 653 822 707 Accedamus
839 651 872 704 orl
891 649 1049 722 Didymum.
1084 653 1122 718 A,
1141 653 1177 708 97
1194 654 1287 722 refert,

235 748 432 806 Massilioticam
451 745 611 807 editionem,
635 741 769 794 Rhianum
787 750 813 793 et
832 738 1014 792 Aristarchum
1034 739 1126 810 legisse
1144 742 1287 800 Aorsorum

235 839 321 892 αέικέα
339 832 425 901 λοιγόν
443 831 548 894 duriori,
565 841 591 884 et
610 828 699 883 addite
710 825 843 880 Ἔοικεν
862 815 907 878 οὖν
925 821 942 896 ἡ
961 827 1035 896 ε’τέριι
1046 824 1196 896 Ζηνοδότου
1213 825 1287 896 εἶναι,

235 921 338 995 ἡοῦδ’
356 916 410 988 όγε
429 925 508 992 πρὶν
527 921 661 981 λοιμοῖο
687 923 969 986 βαρείαςγετρας
996 912 1125 980 ἐφέξεις
1153 917 1285 989 ignorarit

235 1013 327 1086 igitur,
344 1011 410 1084 quirl
428 1011 474 1064 ille
493 1008 595 1081 legerit.
632 1007 665 1073 Δ,
684 1005 714 1061 3:
734 1001 806 1057 Κατ’
823 1005 947 1094 ένιααὸιν
962 998 1152 1073 ὑπομνημάτων
1170 1009 1285 1074 lepro-

233 1099 310 1170 χόιι
326 1103 448 1164 φέρεται·
467 1097 491 1148 οἶ
509 1099 539 1148 δέ
556 1112 666 1157 φασιν
683 1087 852 1161 Ζηνοδότειον
871 1097 936 1142 εἰναι
952 1088 1001 1160 νην
1017 1087 1137 1161 γραφήν·
1154 1095 1180 1145 έν
1198 1096 1285 1154 μέντοι

234 1201 296 1248 ταῖς
312 1184 428 1240 inuictos
442 1188 523 1252 γαρὶτ
541 1184 589 1234 τοῦ
606 1186 620 1232 ἰ
639 1173 758 1250 εόραμεν.
794 1177 985 1230 Gravissimum
998 1196 1060 1230 reso
1071 1188 1110 1262 est
1120 1177 1185 1232 illud
1199 1177 1290 1240 sebo..

233 1278 301 1332 lium
320 1295 334 1328 ο
354 1272 463 1326 hebrsio
482 1271 527 1337 (de
545 1267 699 1322 Aristarcho
716 1265 787 1338 p.20
804 1264 877 1338 sqq.)
892 1264 973 1319 ‘docte
992 1265 1156 1337 expositum,
1173 1272 1200 1334 β,
1221 1267 1286 1324 llls

234 1361 362 1431 Σγολικόν
380 1358 499 1428 α’γνόημα
516 1354 547 1411 τό
567 1360 585 1409 δ
591 1368 686 1408 ussto*
700 1351 869 1424 Ζηνοδότειον
887 1345 952 1406 εἶναι
971 1351 1019 1422 τήν
1033 1351 1100 1416 μηδ
1117 1357 1165 1406 τοῦ
1183 1361 1201 1408 δ
1218 1377 1285 1426 γρα-

235 1451 297 1524 φήν,
316 1455 424 1516 μέγας
440 1445 500 1500 sissi
517 1448 566 1498 τοῦ
582 1449 680 1510 μέγα·
700 1447 744 1496 καὶ
762 1438 855 1500 δόξειεν
873 1435 905 1493 όν
921 1437 971 1494 ὑπό
990 1441 1127 1494 Διονυσίου
1144 1446 1193 1496 τοῦ
1210 1447 1285 1516 Θρη-

232 1540 280 1600 νός
297 1541 384 1592 ταῦτα
403 1533 545 1590 δεδόσθαι·
561 1532 601 1602 ⁶4)
625 1533 650 1584 is
667 1529 718 1602 γιλρ
736 1533 776 1601 τῷ
791 1535 850 1600 περὶ
873 1525 1024 1599 ποσοτὴταιν
1044 1530 1211 1584 καθάπτεται
1229 1538 1284 1604 Zp.

234 1626 345 1681 νοδότου
372 1621 407 1684 σός
436 1621 607 1694 ἠγνοηκότας,
637 1613 678 1672 ότι
705 1621 744 1688 τῷ
759 1623 847 1685 μέγα
875 1614 935 1669 sissi
961 1620 1009 1669 τοῦ
1035 1609 1285 1689 μεγόλοιςὍμηρος

234 1713 397 1784 ἀποχρῆται·
425 1707 487 1778 παρ’
513 1707 526 1761 ό
554 1706 590 1777 δὴ
616 1713 662 1760 καί
687 1728 747 1760 τινα
767 1712 820 1758 τῶν
839 1700 1030 1772 ὑπομνημάτων
1060 1707 1236 1774 μετειλῆφθαι
1253 1705 1286 1760 τό

233 1808 316 1868 μέγα
333 1799 392 1852 rivel
409 1800 458 1850 τοῦ
474 1793 607 1862 μεγάλως·
625 1791 657 1846 τό
675 1798 704 1847 δέ
723 1791 769 1846 sris
786 1795 837 1859 ἔχει
854 1789 976 1861 τάκριβές
991 1784 1081 1850 oiirue·
1130 1791 1201 1846 Turn
1222 1795 1285 1848 Ari.

234 1888 370 1944 starohum
389 1880 665 1953 cuiusdiscipulus,
691 1879 911 1952 Dionysodorum
935 1891 961 1934 et
980 1879 1171 1948 Ammonium,
1196 1902 1285 1955 neque

233 1979 323 2031 minus
341 1972 519 2026 Callistratum
539 1969 761 2040 Aristophaneum
780 1966 860 2035 μέγας
878 1967 972 2039 legisse
991 1968 1162 2024 demonstrat.
1198 1971 1285 2024 Deni-

235 2085 289 2140 que
311 2062 398 2118 addit:
428 2055 498 2112 Ου’δὲ
519 2054 532 2109 ό
551 2061 674 2126 έπιθέτης
701 2060 731 2110 δέ
749 2058 913 2119 Πτολεμαῖος
934 2053 983 2114 τός
1002 2053 1151 2124 Ζηνοδότου
1180 2058 1284 2130 γραφός

232 2145 514 2216 interponentem
531 2141 654 2210 ὁμολόγει
670 2145 819 2214 Ζηνοδότου
836 2138 908 2197 εἶναι.
943 2144 1120 2211 Ptolemaeus,
1138 2165 1218 2216 quem
1233 2147 1285 2200 Di·

233 2241 331 2312 rlymus
348 2233 509 2302 hic‘adlert‚
525 2232 655 2286 Hellanici
674 2232 832 2304 discipulus,
855 2230 1000 2303 Aristarchi
1015 2232 1096 2288 estitit
1112 2235 1284 2304 adversarius,

232 2326 306 2381 unde
325 2320 338 2376 ὅ
355 2326 480 2392 insulsus
498 2321 703 2391 cognominatus
716 2339 770 2373 esse
787 2319 873 2372 lertur
887 2319 934 2385 σε),
953 2321 1000 2390 qui
1016 2321 1143 2391 peculiari
1159 2323 1231 2378 libro
1251 2324 1283 2378 rie

233 2410 366 2465 Zenodoti
390 2408 550 2463 lectionibus
576 2419 681 2478 egerat,
708 2427 787 2479 saepe
810 2419 903 2462 contra
928 2407 1042 2461 aliorum
1064 2409 1284 2480 reprehensiones

203 2531 211 2544 ι
232 2500 403 2554 Zenodotum
431 2495 584 2550 delendens.
638 2495 681 2550 Cl.
700 2506 806 2567 praeter
832 2495 923 2550 locum
948 2497 1001 2548 iarn
1026 2495 1164 2553 laudatum
1187 2502 1214 2567 ξ,
1233 2499 1282 2556 θέο

232 2585 406 2658 Ἅρέσταρχός
430 2603 492 2654 φησι
516 2581 663 2652 Ζηνόδοτον
697 2581 804 2653 γράφειν
832 2580 1033 2646 luciosus·
1061 2581 1078 2638 ό
1105 2590 1135 2639 δὲ
1158 2592 1282 2659 ὶπιδέτης

233 2676 399 2736 Πτολεμαῖος
415 2675 460 2741 τῷ
477 2668 501 2742 ῤ’
517 2668 577 2737 οἵγ’
605 2670 641 2722 οδ
657 2668 843 2738 ψαύοντες,
871 2663 921 2724 καλ
941 2673 1016 2738 λόγον
1043 2679 1119 2743 φησὶν
1143 2675 1207 2741 ipsos
1234 2676 1283 2746 την

141 2783 146 2794 ·
231 2758 344 2833 γραφήν,
364 2760 409 2813 uhi
428 2757 562 2829 Spitsnsri
578 2759 727 2812 accusanda
746 2771 785 2812 est
802 2759 973 2832 negligentia,
990 2761 1036 2833 qui
1053 2760 1191 2816 Scholium
1210 2765 1282 2834 apurl

232 2848 400 2912 Bellorum,
417 2847 522 2917 lleynio
542 2846 591 2915 (Vl
611 2866 637 2917 p.
656 2847 720 2914 528)
740 2847 918 2918 incognitum,
937 2849 1113 2919 praetermisit
1130 2863 1156 2906 et
1173 2853 1206 2906 ab
1226 2839 1282 2907 llu-

233 2938 328 2994 statbio
346 2935 395 2990 sibi
415 2935 517 3007 imponi
538 2952 628 3008 passus
646 2947 693 2990 est.
739 2935 817 2991 Adde
837 2936 984 3008 Didymum
1003 2939 1025 3004 ξ,
1043 2938 1111 2994 249:
1128 2935 1161 2992 ‘0
1179 2943 1208 2994 δὲ
1225 2945 1281 2994 ins.

288 3201 337 3271 64)
357 3201 481 3267 Mireris,
509 3204 582 3275 quod
607 3205 707 3260 nullam
733 3207 877 3264 Aristonici
901 3206 980 3262 iaciat
1003 3207 1283 3281 mentionem-,Didy-

231 3279 305 3341 mus,
325 3275 373 3328 nisi
392 3277 560 3330 Aristonicus
576 3277 708 3351 Dionysio
726 3280 751 3332 'l'
752 3281 832 3334 brace
850 3281 941 3334 iunior
958 3280 1025 3348 luit,
1052 3281 1124 3352 quod
1143 3281 1281 3339 esiSchol.

231 3371 253 3416 ο,
272 3345 308 3403 86
328 3346 446 3419 colligas.
496 3345 560 3415 Quo
582 3369 612 3402 ar
633 3362 741 3405 umento
760 3351 793 3404 ad
812 3365 931 3424 tempus,
955 3372 1009 3424 quo
1028 3349 1195 3406 Aristonicus
1214 3353 1282 3420 risit,

232 3417 413 3472 deliniendum
433 3417 470 3472 uti
490 3431 595 3506 poterat
645 3422 786 3477 uetzellius.
823 3421 963 3495 Cl.supra
983 3433 1039 3476 not.
1061 3423 1084 3478 l.
1271 3425 1273 3430 ’

286 3487 332 3554 65)
351 3489 459 3542 Suidnss
500 3493 635 3560 Επιθέτης
660 3497 781 3562 κληθεὶς,
813 3492 884 3547 διότι
909 3494 1021 3546 εἵπετο
1045 3497 1083 3564 τῷ
1104 3491 1281 3564 Ἀριστάρχῳ,

231 3558 278 3610 ubi
309 3559 362 3610 iarn
389 3559 501 3611 Villoisu
523 3562 659 3632 (Prolegg.
684 3583 711 3635 p.
730 3563 817 3632 XXX)
843 3576 916 3618 recte
943 3564 1048 3637 scripsit
1072 3569 1188 3621 tntum.
1237 3567 1280 3620 Cl.

230 3629 336 3683 Fabric.
356 3627 424 3681 Bibl.
444 3628 492 3682 Gr.
511 3629 522 3681 l
542 3651 568 3702 p.
586 3633 647 3687 521.
696 3633 840 3688 Undenam
859 3634 1097 3690 Graelenhsniusl
1117 3656 1143 3707 p.
1161 3635 1212 3693 391
1234 3658 1282 3690 co-

231 3699 322 3772 gnorit
341 3699 523 3755 Ptolemaeum
544 3701 688 3756 Aristarchi
705 3705 785 3758 luisse
807 3706 981 3778 discipulum,
1008 3708 1058 3761 nisi
1076 3726 1105 3760 es
1123 3707 1170 3760 illo
1188 3707 1281 3774 εἵπετο,

231 3771 304 3843 quod
322 3775 378 3841 ipse
389 3767 458 3824 'cum
478 3771 624 3826 Villoisone
643 3777 812 3830 emendarit?
829 3773 939 3848 Γραφδς
958 3777 1061 3832 Hellter
1077 3779 1123 3847 (de
1140 3777 1282 3834 Zenodoto

230 3843 341 3915 eiusque
360 3843 451 3896 studiis
469 3841 617 3898 Homericis
636 3866 662 3915 p.
681 3847 709 3911 9)
736 3849 806 3902 male
825 3850 951 3904 vocabule
969 3852 997 3904 in
1016 3851 1166 3904 Homericis
1184 3853 1282 3904 carmi-

230 3915 310 3967 nibus
329 3925 428 3967 mutata
447 3913 576 3985 intelligit.
613 3915 738 3971 Eiusdem
757 3919 903 3976 Ptolemaei
920 3922 1044 3976 lauiiatur
1069 3921 1136 3975 liber
1154 3928 1282 3992 aspiretis

228 3983 292 4054 παρ’
308 3979 413 4054 Ὁμήρῳ
431 3989 543 4052 πληγῶν,
564 3986 636 4058 quod
656 3989 770 4044 Wowsr
787 3992 937 4065 Polymath.
958 4013 981 4048 c.
1004 3996 1038 4050 17
1055 3993 1088 4045 de
1107 3994 1219 4045 Homeri
1237 4013 1280 4046 re·

226 4057 441 4125 prebensort'bus,
458 4057 598 4111 Fabricius
617 4058 650 4110 dc
664 4061 758 4130 plagis
771 4065 847 4132 opud
866 4069 1011 4118 Homerum
1030 4067 1183 4116 memoratis
1199 4065 1281 4134 expli-

229 4137 279 4249 τρι.
317 4125 411 4212 scribe
428 4131 564 4197 γλωσσῶν,
593 4149 698 4186 memor
715 4132 776 4188 libri
796 4134 930 4191 Philoxeni
949 4137 1076 4208 περὶτῶν
1094 4132 1158 4206 παρ’
1174 4129 1280 4207 Ὁμήρῳ

229 4219 246 4264 γ
264 4215 360 4252 occos.
