2886 4890
722 397 795 472 130

222 591 302 646 deum
321 589 419 643 iratum
437 585 573 651 indicent,
600 582 765 656 aptissimum
790 584 841 654 (ci.
860 606 895 651 μ,
914 582 977 642 463.
994 581 1049 640 Od.
1067 587 1091 654 t,
1110 585 1189 655 605),
1220 608 1278 644 non

223 678 365 745 intellexit,
391 691 495 728 versum
521 671 700 728 infelicissime
718 673 906 728 emendatione
925 673 1057 746 corrupit.
1108 674 1192 730 lrstus
1211 676 1280 730 deus

223 769 257 825 eb
276 765 398 838 Olympo
418 773 544 834 properat
568 772 595 814 et
611 759 697 815 vultus
716 760 784 815 iram
799 760 897 832 prodit.
933 760 1081 828 Quomodo
1101 762 1200 835 Apollo
1220 783 1279 818 non

224 864 366 918 cernatur,
390 861 468 924 poeta
488 869 543 903 non
569 860 661 915 curet,
688 849 734 920 qui
752 867 785 902 ne
806 848 896 918 locum
916 848 1026 920 quidem
1051 861 1196 919 memorat,
1222 871 1281 924 quio

222 939 383 998 consederit.
431 941 588 1009 Nuurlpro
607 939 699 1010 ssoilp
719 937 756 990 rix
776 935 881 1003 locor,
903 935 938 992 23
957 937 1017 992 satis
1034 939 1206 1009 defenditur,
1235 952 1279 995 at-

203 1051 278 1104 ·que
303 1028 467 1084 accusativus
491 1038 537 1080 aut
560 1024 663 1080 dativus
689 1043 720 1080 es
743 1021 890 1081 Homerico
916 1045 965 1080 usu
985 1025 1074 1081 deesse
1099 1049 1154 1082 non
1182 1040 1280 1101 potest.
1360 1073 1364 1080 ,

225 1120 268 1174 Cf.
287 1140 313 1185 ε,
339 1116 390 1173 186
414 1116 506 1186 νεφ11ρ
531 1115 661 1175 εἰλυμένος
685 1111 779 1175 ὅμως.
798 1133 827 1178 ε,
847 1112 902 1168 308
925 1114 1021 1174 εἱμένος
1046 1108 1134 1177 sirium
1159 1118 1279 1184 νεφέλην.

225 1207 363 1264 Ἐλυσθεὶς
382 1224 410 1257 ex
430 1202 483 1258 Od.
503 1227 526 1269 r,
545 1200 598 1257 4³3
617 1201 692 1256 mule
706 1200 761 1255 huc
779 1200 937 1256 translatum
957 1213 1003 1258 est.
1039 1202 1081 1256 De
1099 1203 1140 1256 dis
1157 1204 1230 1257 nube
1249 1223 1280 1258 sc

225 1297 296 1368 ipsos
314 1304 360 1348 sut
377 1291 443 1346 ulios
460 1289 611 1363 tegentibus
629 1289 666 1344 ci·
675 1287 914 1362 Naegelsbachium
933 1289 967 1344 de
985 1288 1117 1362 theologis
1134 1292 1279 1348 llomerico

224 1404 251 1454 p.
271 1381 307 1438 24
326 1388 352 1434 el
370 1379 500 1433 Geierum
519 1377 548 1430 in
567 1375 702 1449 ephemer.
722 1377 791 1444 stud..
810 1377 944 1448 untiquitr'
956 1375 1025 1434 1840
1044 1398 1071 1449 p·
1083 1377 1144 1448 ,030
1162 1399 1222 1452 sqq.

279 1471 325 1537 ᾼ,
341 1468 391 1524 351
413 1465 568 1522 Zenodotus
586 1477 675 1535 ιεῐρεες
692 1461 828 1533 εἶναητὰς,
853 1463 1023 1520 Aristarchus
1038 1486 1064 1532 χ.
1086 1463 1204 1538 ὄρεγνὺς,
1231 1467 1279 1522 olii

122 1545 128 1552 ’
225 1581 253 1626 1.
270 1556 396 1625 ἀνασχών.
431 1561 530 1626 Χεῖρας
549 1552 654 1625 dpryrdr
671 1553 800 1608 hebemus
811 1575 838 1620 χ,
856 1549 982 1624 31,χετρ’
998 1550 1092 1624 ὀρέγειν
1112 1560 1155 1616 εἰς,
1165 1554 1281 1628 stipatu

226 1647 380 1718 rr’ocepiercu
398 1667 426 1714 ε,
454 1645 515 1702 311.
540 1642 593 1698 Od·
620 1643 711 1711 „52¹1
730 1643 781 1710 (cl.
807 1663 837 1708 εε,
855 1640 918 1698 500.
944 1640 999 1696 Od.
1023 1663 1051 1711 μ,
1068 1643 1131 1702 257.
1156 1666 1182 1713 ρ,
1199 1645 1279 1713 366),

223 1750 314 1805 χεῖρας
331 1730 450 1800 denoteris
466 1755 498 1799 y,
516 1733 578 1788 215.
598 1753 623 1798 ε,
646 1733 706 1787 174.
724 1751 755 1798 o,
775 1732 820 1788 15.
835 1751 868 1797 τ,
887 1731 950 1786 251.
966 1729 1022 1794 00,
1039 1753 1070 1799 ν,
1088 1730 1151 1788 355.
1168 1753 1194 1800 ρ,
1214 1733 1279 1792 239.

222 1845 248 1891 εν,
267 1824 311 1888 97,
327 1835 397 1891 χεῖρε
415 1817 546 1876 πετάσσας
564 1822 582 1871 d
591 1858 599 1885 ,
617 1819 678 1874 523.
696 1841 720 1884 ν,
738 1817 838 1880 5431.
856 1819 918 1878 405.
938 1840 971 1885 o,
990 1819 1052 1885 115,
1064 1816 1169 1882 „niteris
1183 1833 1278 1891 χεῖρας

222 1912 278 1967 Od.
297 1915 326 1977 l,
343 1909 407 1964 302.
449 1907 483 1960 Et
503 1904 621 1965 «ivaurde
640 1903 833 1972 (ς1.1.οΙιεε411
852 1907 973 1962 Rhemat·
993 1929 1020 1981 p.
1042 1908 1107 1976 107)
1126 1919 1153 1962 et
1171 1905 1278 1978 ὄρεῃεῗς

223 2000 250 2052 in
271 1995 458 2069 librisluisse.
485 1987 605 2060 α’νασχῶν
630 2011 692 2047 sero
711 2005 802 2065 postea
821 1994 934 2050 inlutum
953 2014 1009 2050 esse
1034 1996 1133 2050 iudico.
1179 1996 1275 2065 Quum

222 2085 339 2141 Acltilles
358 2077 468 2138 ntirtime
487 2101 584 2136 menos
601 2082 628 2136 in
648 2099 722 2136 mere
742 2083 899 2154 protendet,
918 2085 964 2138 ubi
983 2096 1069 2140 meter
1085 2085 1201 2152 hehitst,
1229 2087 1277 2142 sed

220 2198 250 2230 ex
269 2193 319 2229 usu
337 2171 459 2236 sollemni
484 2185 580 2224 mestus
604 2170 719 2226 sublatos
745 2172 868 2226 extendet
893 2173 943 2242 (cl.
961 2173 1152 2244 Naegelsbach.
1172 2173 1190 2228 l.
1209 2174 1228 2230 l.
1248 2195 1276 2246 p.

222 2265 306 2329 190),
333 2261 377 2316 hic
402 2254 520 2318 α’ντνετιῖς
544 2259 752 2330 praeferendum
772 2259 877 2316 videtur
889 2261 939 2330 ⁶⁰),
965 2277 1034 2333 quse
1052 2261 1150 2334 tlsynii
1174 2259 1226 2330 (lV
1248 2283 1277 2334 p.

151 2353 154 2362 '
219 2351 284 2419 91),
306 2348 399 2421 Longii
418 2359 443 2401 et
462 2347 574 2403 Hessteri
593 2347 722 2418 sententia
741 2358 787 2402 est

268 2440 313 2504 A,
332 2437 387 2493 434
405 2435 561 2493 Zenodotsts
584 2431 704 2502 ὑφέντες,
730 2436 803 2508 quod
823 2435 851 2488 in
869 2434 961 2508 hymn.
979 2436 1007 2492 in
1027 2437 1117 2510 Apoll.
1134 2437 1187 2494 504
1206 2437 1277 2511 legi-

220 2547 296 2594 mns,
315 2526 362 2578 uhi
381 2535 471 2578 noster
488 2542 578 2580 sersus
594 2525 717 2592 recurrit,
734 2523 902 2580 Aristarchus
919 2523 1025 2588 ἀφέντες
1043 2527 1092 2593 [cl.
1111 2543 1136 2581 c.
1154 2527 1177 2597 l)
1195 2546 1277 2599 prae-

219 2615 294 2683 tulit,
325 2613 386 2685 quio
407 2613 518 2667 verbum
538 2609 631 2684 ὑφέρμι
648 2613 713 2667 alias
731 2613 849 2666 llomero
868 2631 1015 2684 supponere
1030 2613 1182 2686 significare
1201 2614 1275 2670 ride-

219 2707 273 2758 bat.
314 2701 349 2756 At
368 2721 418 2756 cur
435 2711 489 2755 tarn
508 2702 587 2755 arctis
614 2701 727 2768 sinibus,
752 2701 907 2772 praesertim
933 2701 961 2756 in
987 2703 1106 2756 terminis
1129 2703 1162 2758 sd
1189 2715 1275 2758 artem

221 2791 423 2864 pertinentibus,
442 2790 552 2843 llomeri
571 2805 648 2844 usum
668 2790 938 2846 circumscribamus?
973 2790 1063 2863 Atque
1080 2785 1184 2853 ὑφέντες
1201 2791 1275 2862 apud

220 2889 342 2952 posteros
358 2878 484 2931 obtinuit.

275 2970 317 3033 B,
335 2965 389 3020 314
407 2964 563 3019 Zenodotus
580 2964 744 3032 τετίζεντας,
769 2965 850 3020 ceteri
875 2967 1048 3033 τετριγῶτας,
1074 2965 1147 3039 quod
1166 2968 1274 3023 Aristo-

221 3055 299 3110 nicus
311 3052 445 3106 defendit:
462 3049 578 3123 Εὕτελής
590 3057 619 3107 dl
637 3050 654 3126 ἡ
673 3053 934 3122 λέξις,(ειτίζοντᾳς)“
953 3052 1022 3108 sueri
1035 3051 1111 3117 φύσιν
1121 3053 1172 3123 γάρ
1186 3061 1273 3122 φθεγ-

214 3138 494 3210 1γε’ρεενεετετίζευσεν,
512 3143 536 3193 οἱ
554 3145 584 3195 dl
602 3139 800 3205 νατεσθεὸμενεε
818 3142 957 3213 cpll'ouurs.
994 3142 1036 3197 Cf.
1055 3142 1146 3197 Schol.
1165 3145 1191 3210 d,
1211 3143 1276 3202 412.

222 3229 295 3284 Eust.
313 3249 339 3301 p·
359 3227 428 3298 220,
447 3230 482 3286 20
500 3250 539 3301 sq.
552 3230 621 3299 100,
639 3231 684 3288 41.
730 3234 765 3286 At
785 3233 880 3304 reponi
900 3243 1000 3304 potest,
1029 3230 1143 3304 pipilare
1161 3233 1274 3304 proprie

221 3317 254 3372 de
280 3317 399 3372 clamore
422 3319 638 3390 passerculorum
667 3320 720 3375 dici
744 3331 770 3374 et
794 3319 838 3374 hic
861 3319 991 3392 coniungi
1014 3313 1108 3376 diremi
1126 3317 1274 3387 τιτέζοντεις

219 3409 252 3462 od
268 3408 375 3462 antium
394 3407 609 3477 passerculorurn
632 3406 665 3462 de
691 3408 742 3462 rito
768 3408 919 3463 timentium
945 3409 1091 3463 clemorerri
1118 3407 1276 3478 significan-

219 3495 294 3548 dum.
340 3493 523 3562 Aristarchus,
545 3495 591 3567 qui
616 3479 762 3556 τιτὶζεντεες
792 3509 817 3552 et
833 3503 993 3568 τετριγῶτας
1016 3496 1045 3549 in
1069 3495 1144 3550 libris
1161 3496 1272 3562 invenit,

219 3593 291 3637 recte
308 3588 468 3652 τετριγῶτας
486 3584 641 3655 praetulisse
661 3586 781 3656 videtur,
799 3606 884 3660 quum
901 3584 1012 3658 τρίζειν,
1041 3585 1115 3656 quod
1130 3583 1163 3638 de
1180 3585 1277 3656 quovis

218 3669 332 3726 stridore
350 3668 463 3736 dicitur,
485 3671 588 3743 optime
606 3673 821 3745 posserculorum
841 3691 932 3729 vocem
953 3684 1025 3726 metu
1045 3672 1206 3744 agitatorum
1226 3691 1272 3724 ex-

167 3795 170 3800 .
219 3757 332 3830 primm,
362 3775 451 3830 neque
470 3760 598 3814 naturalis
615 3781 710 3815 eorum
729 3763 831 3819 sonitus
850 3762 960 3835 proprio
979 3759 1110 3815 vocabulo
1127 3759 1272 3826 indicetur,

220 3845 292 3918 quod
312 3845 356 3899 hic
375 3845 498 3918 putidum
518 3848 740 3918 lerc'rideretur‚
760 3868 866 3905 necesse
884 3850 916 3905 eit
930 3851 976 3914 ⁶¹).

273 4049 323 4118 00)
342 4049 415 4103 Male
429 4050 566 4121 praecepit
583 4049 615 4105 de
629 4049 868 4122 imprecationibus
881 4049 1056 4117 Aristarchus,
1076 4048 1148 4122 quod
1160 4067 1175 4102 e
1186 4047 1275 4104 Scho-

219 4121 255 4176 lio
274 4146 299 4184 ε,
319 4120 373 4176 568
391 4122 522 4187 ridemus,
542 4122 615 4175 unde
635 4120 679 4175 ltic
697 4117 806 4190 ὄρεγεεῖς
820 4123 909 4196 elegit.

272 4192 323 4262 61)
343 4191 423 4248 Nunc
448 4193 512 4248 mihi
537 4194 599 4250 sudi
627 4194 758 4264 Largium
778 4194 814 4261 (ll
843 4214 869 4267 p.
891 4194 923 4250 19
939 4196 989 4266 sq.)
1014 4191 1080 4248 haec
1106 4191 1274 4246 tradentem:
