2880 4888
745 423 871 498 34·

250 617 345 684 τρλδκς
364 620 427 666 τῶν
445 615 809 682 πραγματευσαμένων
827 605 886 662 riv
905 606 1020 662 insede
1039 607 1172 663 κύκλον.
1221 613 1303 666 Videt

248 706 330 777 igitur
347 703 407 755 luce
425 699 521 754 clarius
538 696 625 752 iuisdr
644 695 736 751 κιῗκλικ
754 709 814 772 post
832 698 996 764 Homerum,
1021 698 1182 764 Hesiodum,
1207 699 1301 752 Pisan—

247 793 343 856 drum,
362 789 495 861 panyasin
515 798 541 841 et
559 786 748 841 Antimachum
775 805 807 838 eo
826 785 1047 850 commemorari,
1076 787 1149 857 qnod
1175 787 1226 840 boc
1243 807 1301 839 no-

247 881 320 932 mine
349 877 438 949 plures
464 876 531 948 epici
553 887 648 947 poetae
675 874 899 941 continebantur,
928 874 1000 944 quod
1029 875 1081 926 iam
1102 871 1230 927 Welcber
1247 874 1264 928 l.
1284 876 1301 927 1.

248 987 275 1037 [ι.
295 963 330 1022 23
347 985 386 1037 sq.
405 963 520 1017 breviter
536 961 700 1032 significarit.
737 961 866 1034 Egregie,
885 981 954 1033 quoe
974 961 1100 1028 diximus,
1128 962 1192 1032 ipsis'
1208 963 1301 1016 Procli

247 1052 375 1122 excerptis
392 1049 597 1104 confirmantur.
642 1046 801 1102 Bernbardii
829 1068 890 1101 vero
913 1051 1071 1104 sententiam
1098 1061 1233 1122 praeterea
1256 1071 1301 1103 re-

245 1141 334 1193 furam
357 1138 468 1204 Suidas,
497 1141 542 1210 qui
567 1133 661 1189 κιῖκλοκ
682 1136 800 1190 Homero
825 1138 931 1203 tribuit,
959 1137 1050 1191 Scbol.
1068 1137 1132 1190 Eur.
1151 1136 1201 1191 Or.
1223 1139 1300 1206 1376,

241 1228 294 1282 ubi
313 1224 435 1294 καθὰιιιρ
455 1229 480 1278 λι
499 1222 703 1293 κὺκλῳλὲγιται
727 1225 930 1296 reponendum,
957 1235 983 1277 et
1001 1224 1126 1278 Clemens
1144 1225 1301 1290 Alexandri·

248 1334 298 1368 nus
316 1313 448 1380 strom-l,
467 1313 511 1376 21,
529 1313 591 1369 132.
629 1312 671 1367 Cf.
687 1311 817 1368 Welclr'er
836 1334 863 1386 p·
875 1311 916 1368 13.
935 1314 980 1368 71.
1014 1313 1076 1366 Una
1092 1325 1194 1367 tantum
1211 1326 1301 1382 restat,

181 1459 184 1468 ,
246 1422 329 1475 quae,
347 1422 382 1455 ne
400 1414 424 1455 te
444 1403 513 1454 male
531 1400 643 1466 babeat,
663 1411 844 1467 removeatur,
863 1400 1013 1455 difficultas.
1061 1401 1208 1470 Quomodo
1227 1403 1299 1455 enirn

246 1501 374 1564 poterunt
392 1490 416 1540 οἱ
435 1493 483 1542 τοῦ
501 1493 589 1542 tuaest
608 1491 703 1541 κύκλου
722 1493 828 1560 ποιηταὶ
854 1489 957 1560 opponi
976 1489 1107 1555 Homero,
1137 1509 1221 1560 quum
1242 1489 1302 1542 ilias

247 1592 273 1633 et
290 1580 410 1652 Odyssea
436 1580 509 1650 ipsae
533 1578 686 1648 legerentur
714 1579 741 1630 in
767 1577 811 1630 itta
842 1575 1020 1630 collectione?
1056 1576 1090 1630 At
1115 1576 1192 1629 facile
1219 1576 1298 1642 vides,

246 1667 316 1723 banc
335 1665 581 1719 denominationem
601 1686 615 1719 a
635 1665 749 1738 potiori,
769 1663 840 1736 quod
860 1677 968 1722 vocant.
996 1663 1035 1718 bis
1055 1666 1138 1737 poetis
1155 1665 1252 1729 tribui,
1271 1677 1298 1720 ut

246 1753 332 1811 λκιικὸς
350 1755 443 1810 κύκλοι·
461 1759 492 1806 ‘et
518 1752 611 1807 latiore
630 1765 655 1806 et
682 1755 836 1823 angustiore
862 1772 940 1806 sensu
959 1753 1078 1818 dicatur,
1105 1754 1188 1807 modo
1212 1763 1298 1807 totum

245 1840 353 1893 illorum
373 1851 511 1907 poetarum
532 1860 630 1911 corpus
648 1841 729 1904 iliade
748 1853 773 1892 et
792 1839 911 1911 Odyssea
931 1859 991 1894 non*
1006 1841 1129 1908 esclusis,
1155 1842 1238 1895 modo
1253 1842 1298 1896 illa

246 1939 357 1980 tantum.
370 1926 489 1980 carmina
509 1927 622 1980 aliorum
643 1912 782 2000 pbetarum
800 1927 938 1999 significet.

300 2014 389 2068 Extitit
408 2013 489 2086 igitur
506 2015 598 2086 epicos
617 2016 710 2088 cyclus
734 2035 747 2070 a
767 2013 907 2069 Zenodoto
927 2015 1069 2081 collectus,
1098 2037 1177 2088 quem
1197 2016 1299 2088 lyrico-

246 2123 306 2156 rum
332 2121 441 2174 quoque
464 2115 602 2173 poetarum
628 2123 728 2176 corpus
755 2103 905 2156 condidisse
929 2104 1041 2157 vidimus
1053 2104 1102 2168 ²⁵).
1150 2104 1203 2157 Sed
1224 2104 1299 2156 lliadi

246 2204 272 2246 et
289 2191 425 2263 Odysseae
445 2191 616 2264 praecipuam
647 2194 690 2248 ille
718 2193 820 2251 navavit
850 2211 960 2258 curam,
990 2204 1019 2245 ut
1045 2192 1149 2264 primus
1165 2192 1300 2246 diceretur

245 2299 338 2334 carum
357 2280 525 2350 διορθωτήςς
555 2281 620 2335 baec
645 2283 716 2336 enim
737 2282 856 2336 carmina
875 2281 960 2333 multo
981 2283 1102 2351 grauiora
1122 2280 1220 2333 damna
1240 2283 1301 2332 nia·
1374 2333 1378 2339 ,

244 2371 369 2440 ioresque
388 2380 493 2439 experta
512 2381 589 2422 erant
608 2370 811 2436 vicissitudines,
830 2389 912 2442 quam
931 2381 1048 2432 caetera,
1069 2387 1139 2440 quae
1155 2369 1234 2436 ληικᾷ
1250 2369 1298 2420 κύ-

244 2459 296 2524 κλῳ
316 2455 539 2522 continebantur,
558 2469 637 2529 atque
655 2460 798 2512 auctoritas
816 2477 910 2510 eorum
930 2467 1001 2513 tanta
1021 2469 1091 2520 erat,
1121 2468 1150 2511 ut
1170 2456 1201 2509 iis
1218 2455 1297 2508 resti-

244 2539 447 2615 meridiemque
466 2564 495 2596 es
515 2547 622 2616 optimis
633 2547 769 2600 codicibus
783 2546 915 2598 subtiliter
934 2543 1107 2598 emendandis
1126 2544 1295 2616 praecipuam

244 2633 399 2687 zenodotus
424 2633 473 2685 sibi
499 2634 646 2704 parandam
675 2653 729 2686 esse
753 2634 858 2685 laudem
878 2653 933 2687 non
955 2643 1041 2703 posset
1067 2652 1123 2684 non
1140 2629 1296 2701 intelligere.

244 2721 333 2775 Aliam
355 2732 459 2793 praeter
476 2721 584 2774 lliadern
604 2733 629 2775 et
647 2720 820 2792 Odysseam,¹
832 2720 923 2793 quales
940 2723 967 2772 iu
986 2721 1064 2791 spico
1084 2720 1160 2791 cyclo
1178 2719 1297 2786 dederat,

245 2810 388 2870 editionem
407 2808 502 2862 borum
523 2810 673 2862 carminum
699 2809 844 2863 adornasse
868 2809 991 2862 criticum
1009 2808 1153 2880 Ephesium
1179 2808 1216 2860 vix
1236 2828 1298 2862 cre-

244 2900 317 2952 dam.
360 2897 451 2948 Verbo
477 2916 576 2949 moneo
596 2895 645 2968 τήκ
662 2898 783 2969 κυκλικὴν
802 2897 940 2969 Odysseae
957 2897 1149 2961 recensionem,
1169 2915 1238 2967 quae
1257 2895 1298 2949 bis

244 2986 384 3049 laudatur,
412 3003 454 3037 me
474 2986 578 3051 iudice,
609 2985 716 3040 nun'ad
735 2987 917 3040 Zenodoteam
940 2985 1108 3038 referendam
1128 3003 1183 3040 esse
1201 2984 1297 3038 editio-

244 3093 316 3130 nem.
353 3072 396 3127 Cs.
418 3094 487 3146 quae
505 3073 555 3128 dixi
575 3076 601 3129 in
622 3075 690 3129 libro
709 3075 789 3129 allato
808 3095 833 3147 p.
854 3073 888 3130 35
907 3095 946 3147 sq.

281 3162 449 3217 ·Zenodotea
468 3162 577 3218 Homeri
603 3162 683 3219 editio
711 3161 739 3235 (ἡ
768 3161 835 3216 aaut
854 3163 999 3232 Ζηνόδοτον
1023 3163 1133 3222 indocte.
1157 3162 1252 3217 Athen.
1273 3163 1294 3229 l,

245 3247 442 3320 2l)dieiturr1‘
461 3249 634 3321 Ζηνοδότειος
653 3252 756 3319 (schot.
775 3258 801 3318 β,
821 3253 882 3316 52),
902 3248 917 3320 ἡ
936 3241 1083 3319 quodo'rdu
1103 3257 1143 3315 (ut
1157 3250 1249 3328 schol.
1267 3272 1294 3317 c,

244 3338 305 3396 508.
325 3362 350 3406 γ,
369 3340 412 3394 51.
432 3345 462 3406 θ,
482 3339 565 3408 304),
585 3337 601 3404 ἡ
621 3339 770 3410 Ζηκιόὄτοκν
789 3339 931 3410 διόρθωσις
948 3339 1052 3405 (Scbol.
1072 3337 1183 3392 Belberi
1199 3359 1225 3410 p.
1238 3337 1296 3405 111),

243 3430 271 3478 αἱ
288 3425 438 3498 quoddteu
454 3429 557 3497 (Sebot.
577 3451 603 3500 q,
621 3429 682 3486 428.
704 3437 733 3495 θ,
752 3429 814 3484 301.
837 3433 859 3494 ξ,
876 3429 989 3498 81021),
1008 3431 1035 3479 αλ
1052 3430 1202 3498 quodo'tov
1219 3431 1294 3497 deon·

244 3512 338 3572 θύσεις
356 3516 500 3588 (Apollon.
517 3518 550 3569 de
575 3539 653 3589 pron.
680 3540 705 3591 p.
726 3519 780 3574 400
799 3517 875 3583 (110)
895 3518 941 3583 B),
968 3514 1003 3569 'ru'
1021 3513 1295 3586 quodo'rou.(Scbol.

242 3623 268 3669 r,
288 3601 353 3670 26),
371 3599 406 3653 ‘td
425 3600 581 3672 quodirem
601 3604 705 3676 (schot.
725 3629 748 3673 v,
765 3603 835 3674 808)
847 3605 899 3673 ²⁷),
919 3605 942 3657 ολ
960 3611 1017 3676 περὶ
1036 3606 1181 3674 Ζηνόδοτον
1193 3602 1294 3672 (Sebol.
1372 3631 1377 3642 ·

295 3850 342 3918 25)
362 3850 402 3902 De
415 3850 526 3904 Pindari
539 3854 750 3910 etAuacreontis
762 3857 922 3911 editionibus
931 3857 1093 3914 Zenodoteis
1108 3857 1164 3912 vide
1176 3855 1292 3912 Boeclsb.

241 3921 330 3976 Praei.
349 3921 438 3975 schot.
459 3923 535 3976 Pind,
555 3947 580 3996 p.
601 3926 634 3979 lX
654 3949 692 4000 sq.
712 3930 760 3995 (cl.
778 3929 868 3983 schot.
888 3929 932 3986 01.
952 3931 985 3998 H,
1005 3932 1030 3984 ’1.
1050 3929 1093 3999 lll,
1113 3931 1155 3986 52.
1177 3931 1222 3994 Vl,
1237 3929 1293 3999 91).

241 3992 338 4066 Bergk.
357 3995 520 4050 Anacreout.
540 4016 621 4052 carm.
640 4001 735 4073 reliqu.
756 4021 781 4073 p.
800 4002 851 4058 25.
913 4033 920 4039 -

293 4080 342 4145 26)
360 4083 484 4155 Spiuuer
497 4091 527 4152 θ,
542 4083 621 4156 3041)
634 4109 683 4159 pro
697 4091 868 4163 uireposui13
887 4091 920 4146 de
937 4089 1042 4144 duobus
1060 4087 1117 4143 aliis
1132 4088 1198 4142 locis
1214 4099 1291 4142 tacet.

241 4238 255 4257 υ
294 4172 343 4239 27)
363 4173 542 4228 Aristonicus:
568 4178 626 4227 ttat
643 4173 657 4226 d
677 4175 848 4248 Ἀρίσταρχος
866 4185 925 4243 περὶ
943 4183 991 4230 τοῦ
1009 4186 1100 4242 cellon
1119 4173 1201 4236 οὕτως
1218 4182 1292 4244 λέγει,

243 4264 282 4296 οτι
299 4248 324 4296 iv
343 4257 398 4303 τοῖς
417 4249 596 4314 Ζηνοδοτιίοις
614 4253 723 4320 intorno.
735 4265 745 4284 ·
768 4252 810 4305 Cl.
830 4250 920 4306 Scbol.
937 4249 1041 4323 Tbeng.
1061 4252 1093 4305 5:
1118 4247 1161 4304 ’Er
1182 4254 1213 4304 di
1237 4264 1292 4310 τοῖς
