2880 4888
740 398 790 526 ,3⁰

237 591 365 664 exceptis,
383 587 544 660 scripsisset,
569 585 646 658 signo
666 585 761 639 critico
780 594 884 639 tantum
905 603 1006 651 sersus,
1032 603 1101 656 quos
1119 585 1292 653 addubitavit,
1361 647 1364 652 ,

236 682 355 736 indicare
374 677 468 750 potuit.
515 673 642 729 Ceterum
667 690 702 726 uc
721 672 890 726 Zenodotum
915 673 1023 746 quidem
1043 673 1161 744 primum
1178 673 1289 726 obelum

235 773 264 823 io
283 767 414 832 editiones
435 773 575 837 poetarum
594 760 727 827 intulisse,
751 761 798 814 sed
818 761 870 812 iam
890 771 951 814 ante
970 781 1031 813 eum
1051 761 1084 815 ad
1104 761 1179 816 locos
1197 773 1291 833 poeta-

235 875 297 913 rum
316 867 342 909 et
361 851 581 927 philosophorum
601 850 689 902 miuus
715 859 792 921 aptos
818 847 950 902 notandos
976 847 1029 904 hoc
1058 849 1166 920 signum
1193 849 1221 902 in
1240 867 1290 901 usu

235 944 316 998 fuisse
334 941 464 1014 suspicor.
697 942 700 950 “
848 981 851 986 ,

289 1028 401 1096 „Nullus
419 1039 457 1082 est
475 1028 502 1081 in
522 1025 640 1082 Scholiis·
654 1025 755 1094 locus,”
771 1024 889 1079 Wolsrus
908 1035 979 1080 recte
998 1036 1090 1078 monet
1107 1019 1244 1096 (Prolegg.
1263 1045 1290 1097 p.

237 1116 361 1185 CCXV),
388 1117 453 1184 „ubi
477 1111 617 1184 ὑπόμνημα
635 1134 656 1169 s.
676 1114 883 1167 commentarius
902 1112 1034 1167 Zenodoti
1054 1112 1196 1178 excitetur,
1213 1124 1242 1166 ut
1260 1111 1289 1166 lit

235 1206 265 1259 in
286 1203 463 1277 Aristophane
486 1214 513 1257 st
532 1201 694 1256 Aristarcho.
741 1202 782 1256 Ac
808 1219 920 1274 perraro
944 1200 1045 1272 aliquid
1067 1199 1137 1254 illius
1159 1198 1289 1266 adfertur,

236 1294 309 1368 quod
328 1293 396 1347 istnc
413 1303 528 1363 spectet,
546 1303 573 1346 et
591 1291 672 1344 modo
691 1309 721 1343 cs
738 1289 900 1344 coniecturis
918 1289 1154 1362 grammaticorum
1172 1290 1289 1360 scriptu-

236 1398 279 1437 ras
297 1381 463 1434 Zenodotons
481 1378 732 1452 interpretantium,
748 1377 845 1443 modo,
862 1376 884 1428 si
903 1377 1057 1431 coniectura
1076 1395 1120 1430 rue
1140 1395 1195 1429 non
1212 1374 1289 1442 fallit,

236 1489 266 1522 cs
285 1469 363 1533 libro,
382 1468 410 1521 in
431 1485 485 1540 quo
499 1467 654 1520 Zenodotus
671 1463 821 1519 difficiliora
840 1465 919 1518 rerba
940 1463 1114 1536 explicaverat
1130 1463 1164 1518 ad
1185 1483 1306 1528 morem·

236 1553 517 1632 glossographorum.”
551 1553 586 1606 At
605 1551 699 1606 dixerit
716 1551 864 1623 quispiam,
883 1553 1101 1606 Zenodoteorum
1121 1562 1288 1608 commenta·

236 1647 339 1698 riorum
360 1644 518 1696 memoriam
538 1642 715 1695 oblitteratam
737 1659 808 1708 esse,
836 1659 925 1712 neque
943 1661 990 1707 eo,
1011 1641 1083 1712 quod
1102 1660 1158 1694 nou
1176 1638 1289 1693 lauden·

236 1747 294 1798 tur,
314 1751 359 1785 cos
378 1751 434 1784 non
454 1731 564 1783 extitisse
582 1729 688 1794 consxci,
707 1740 787 1800 atquc
805 1730 833 1782 in
854 1729 917 1800 ipsis
932 1728 1047 1783 Scholiis
1063 1740 1221 1801 argumenta
1237 1728 1289 1782 Ze-

237 1820 331 1873 nodoti
357 1819 551 1889 scripturarum
570 1817 686 1879 adferri,
715 1835 783 1888 quae
808 1836 863 1868 non
889 1817 938 1870 uisi
963 1837 992 1870 cx
1016 1817 1073 1870 eins
1097 1817 1172 1870 libris
1196 1815 1287 1870 hausta

235 1909 295 1960 sint
331 1905 435 1958 Verum
453 1923 497 1970 ea,
524 1923 593 1976 quac
618 1905 650 1958 de
668 1904 809 1958 Zenodoto
829 1918 989 1971 narrantur,
1011 1905 1103 1960 omnia
1122 1905 1157 1958 ita
1176 1925 1289 1977 compe-

235 2005 291 2047 rata
311 2003 388 2058 sunt,
407 2002 436 2045 ut
454 2004 554 2047 certam
574 2011 629 2046 uon
649 1993 759 2048 extitisse
777 1995 833 2046 cius
851 1995 1032 2065 cognitionem
1052 1983 1200 2060 rideamus,
1220 2013 1290 2065 qna-

236 2083 283 2148 lis,
302 2081 323 2134 si
342 2080 398 2153 ipse
417 2099 479 2134 suae
499 2081 662 2136 recensionis
686 2101 778 2136 causas
802 2085 977 2155 exposuisset,
1003 2083 1092 2136 deesse
1117 2101 1172 2135 non
1192 2092 1289 2152 posset.

184 2228 188 2239 ‚
235 2157 330 2242 Neque
348 2168 555 2240 negligendum,
581 2169 820 2224 verisimiliorem
838 2171 958 2242 primurn
975 2171 1097 2226 criticum
1115 2170 1143 2224 in
1162 2168 1289 2224 editioni-

234 2260 286 2313 bus
310 2257 409 2312 criticis
434 2259 597 2312 adornandis
618 2259 777 2326 substitisse,
811 2277 892 2332 quam
921 2259 1129 2312 commentarios
1153 2257 1289 2326 eudiocissc,

236 2347 309 2422 quod
330 2353 368 2400 n!
378 2347 568 2418 Aristophanes
582 2348 691 2420 quidem
710 2346 773 2402 lecit
785 2347 851 2418 HJ„
874 2347 948 2416 Quin
961 2348 1018 2418 ipse
1032 2343 1200 2401 Aristarchus
1211 2365 1289 2400 com-

235 2437 382 2490 mentarios
398 2437 428 2488 in
447 2433 595 2490 Homerum
613 2431 668 2489 non
691 2435 824 2503 ediderat,
843 2435 915 2508 quod
930 2435 1090 2490 Aristarchei
1109 2433 1290 2500 fecerunta).

175 2593 178 2601 ⁴
289 2526 323 2579 At
354 2514 489 2578 videamus
520 2537 694 2597 argumenta,
731 2545 800 2598 quae
830 2525 996 2596 grammatici
1027 2523 1168 2577 Zenodoto
1198 2521 1287 2575 trihu·

234 2624 291 2668 nnt.
345 2611 508 2684 Incipiamus
530 2613 567 2668 ab
595 2614 627 2667 iis
651 2613 731 2678 locis,
758 2613 855 2684 quibus
879 2614 936 2684 ipsc
954 2611 1122 2668 Aristarchus
1145 2611 1177 2665 dc
1194 2611 1286 2663 Zeno-

234 2702 299 2756 doto
317 2701 436 2755 scribens
458 2701 603 2754 inducitur.
640 2701 773 2772 Didymus
797 2721 832 2766 μ,
851 2692 1112 2771 295ο”Αριῗοταρχός
1136 2719 1224 2768 φησιν,
1252 2693 1287 2756 οἷς

234 2795 278 2843 δεῖ
293 2791 455 2848 διισίἱεοοτας
472 2793 661 2858 προφέρεσθαι·
685 2795 803 2858 σημαίνει
820 2783 871 2859 ydp
890 2785 959 2841 κατιὶ
978 2786 1094 2860 sipsdrio'r
1109 2792 1137 2841 lis
1155 2786 1288 2840 constitus

233 2879 386 2940 ἔλασμάιωο
404 2873 682 2947 correspisqsurirr'p·
712 2872 772 2930 s‘dt
790 2876 953 2947 Ζηνόδοτος,
979 2897 1072 2946 φησιν,
1098 2879 1185 2930 i'ossr
1205 2877 1288 2938 ψιλῶς

234 2969 419 3039 προφέρεσθαι.
457 2965 624 3020 Aristarchus
642 2966 693 3021 hoc
711 2966 851 3038 collegite
869 2966 1022 3022 Zenodotea
1047 2965 1181 3037 sequentis
1198 2983 1289 3018 sersus

233 3053 382 3125 scriptura,
407 3050 503 3111 itlius?
525 3051 698 3125 profp'luoss.
744 3055 910 3110 Aristonicus
932 3077 956 3122 r,
974 3053 1043 3110 808:
1066 3050 1109 3106 ‘H
1121 3055 1219 3124 διπλῆ,
1245 3047 1287 3106 lu

233 3138 381 3212 Ζηνόδοτος
399 3137 552 3200 sinceriores·
581 3144 658 3212 λίην
683 3143 747 3214 γάρ
768 3160 847 3206 σφιν
864 3147 1138 3214 πᾶσιν.1ιι1ιιριτο
1158 3140 1291 3214 θάρσει·

233 3233 355 3300 πολλῷ.
375 3261 410 3274 -
446 3233 504 3284 Καὶ
522 3227 535 3286 o‘
555 3228 727 3302 Ἀρίσταρχος
746 3237 805 3303 σεερ1
829 3234 876 3284 τοῦ
895 3238 985 3300 στίχου
1004 3229 1087 3290 sihor
1105 3233 1184 3298 lires,
1201 3226 1243 3282 iirs
1260 3234 1288 3284 is

232 3321 486 3389 τοτςΖροοδοτειόις
504 3323 614 3390 iolpsco.
651 3320 784 3392 Didymus
803 3322 831 3387 li,
848 3319 898 3376 37:
923 3317 1094 3391 Ἀρίσταρχός
1111 3337 1182 3388 φησι,
1202 3314 1290 3387 Ζηοὸε

232 3412 311 3462 docos
328 3403 435 3479 γράφειν
454 3407 655 3470 ὄψαῒοντες·
675 3405 687 3461 d
705 3407 732 3464 d’
748 3394 872 3479 inid-irps
886 3409 1050 3470 Πτολεμαῖος
1067 3410 1114 3477 τῷ
1132 3403 1155 3478 pii
1173 3403 1232 3473 οἵγ’
1249 3401 1288 3459 ου’

233 3493 413 3558 ψαύοντες.
448 3494 779 3552 eucharistialem
806 3494 941 3560 insolerter
961 3495 1168 3562 memoriaqni
1196 3493 1286 3562 fallor,

233 3602 344 3649 errore,
372 3583 504 3636 Zenodoti
529 3603 584 3637 esse
604 3584 717 3652 dixerat,
745 3585 899 3638 Zenodotea
928 3579 1044 3640 editione
1076 3603 1131 3638 non
1158 3585 1287 3656 inspecta,

234 3690 319 3745 quum
338 3669 403 3724 hacc
422 3671 560 3724 scriberet.
596 3671 729 3744 Didymus
749 3693 776 3738 rs,
795 3671 844 3728 97:
862 3675 960 3732 Καλῶς
978 3662 1031 3740 oris,
1051 3678 1128 3744 φησὶν
1145 3669 1286 3744 Ἀρίσταρ-

230 3779 287 3827 χος,
309 3758 456 3828 Ζηνόδοτος
479 3755 643 3815 indurasses
655 3759 709 3829 ³³),
732 3757 767 3822 uic
793 3755 839 3816 tiss
857 3767 1059 3834 παρατεθέντες
1083 3761 1112 3814 οἷ.
1132 3767 1217 3830 στίχοι
1234 3757 1286 3816 sind

231 3875 513 3895 σὴν-*Μ

267 3949 269 3954 ·
285 3928 335 3994 31)
357 3931 445 3983 Locos
462 3948 476 3981 a
496 3927 599 3982 Wollio
619 3929 744 4004 Prolcgg.
764 3949 791 4002 p.
810 3928 918 3984 ccxxi
936 3909 1044 4000 allatos,¹
1067 3891 1159 3988 schot.
1177 3936 1204 3997 θ,
1225 3929 1285 3990 133.

232 4023 259 4066 ο,
280 4000 339 4064 130,
359 3999 411 4054 huc
430 4019 484 4053 non
504 3999 638 4072 pertinere
656 4001 734 4055 hodie
755 4003 838 4074 quiris
856 4003 934 4058 sidet.
976 4005 1067 4076 Atque
1085 4005 1163 4058 rerba
1182 4023 1201 4057 a¹
1216 4005 1287 4058 Por-

170 4131 178 4142 ,
231 4073 328 4147 physio
337 4071 447 4140 Quaest.
457 4071 535 4125 llom.
545 4073 564 4128 8
575 4072 682 4128 laudata
695 4093 723 4126 ex
732 4072 915 4146 Aristophanis
924 4075 994 4130 libro
1004 4077 1142 4148 desumpta
1154 4077 1286 4132 ridentur.

285 4144 335 4207 32)
355 4145 397 4196 tlt.
414 4143 504 4199 Lehrs.
523 4164 548 4216 p.
568 4145 603 4200 25
622 4153 679 4216 sqq.
701 4145 849 4200 Bernhard.
868 4147 891 4198 ll
910 4165 936 4236 p.
959 4148 1009 4204 112
1027 4167 1068 4220 sq.

154 4277 163 4292 .
203 4289 206 4301 Ι
286 4207 335 4284 33)
351 4211 513 4270 Ὑαοπτευέιν
528 4216 623 4271 eodern
643 4219 698 4272 lere
716 4237 803 4286 scnsn,
825 4238 878 4292 quo
898 4225 1005 4274 αθετετν
1023 4232 1049 4276 ot
1064 4215 1199 4288 rodsslssr,
1218 4217 1286 4275 dici·
