2886 4890
757 372 808 448 90

255 564 309 621 ³42
333 561 448 618 dubitavi
473 559 567 633 nequit
581 558 614 625 ⁵).
664 559 757 614 Tertio
784 558 862 626 loco,
886 581 914 624 o,
940 555 1008 626 361,
1036 559 1122 616 dualis
1150 562 1308 634 postulatur,

254 671 338 721 quum
360 652 430 704 inter
448 667 508 716 eos,
526 648 573 720 qni
590 669 614 713 o,
632 646 683 704 301
701 667 762 720 sqq.
782 648 970 712 nominantur,
1000 647 1108 702 Aiacem
1116 647 1199 705 'Oilei
1219 653 1309 720 luisse,

256 751 284 792 nt
302 739 353 792 alia
371 736 506 802 omittam,
532 735 585 790 loci
605 758 627 801 ν,
645 734 781 793 tlt—¹26.
801 739 823 800 Ε,
842 735 986 792 tlt—522
1004 736 1196 792 demonstrent.
1238 739 1310 795 lliuc

254 824 386 878 Zenodoti
405 822 513 876 dualem
531 842 594 876 curn
613 823 708 878 Vossio
727 835 753 877 et
773 821 869 878 Rotbio
888 823 1054 878 verissimum
1072 845 1129 880 esse
1148 847 1254 882 censeo.

307 915 344 980 A,
366 912 425 980 159,
443 913 489 966 nbi
508 911 634 983 legimus:

256 988 269 1001 ⁸
422 995 505 1067 Τιμήν
523 994 604 1070 ripaei
614 1018 710 1061 pesas
730 993 854 1067 Μεννλᾶρν
874 1004 916 1050 ool
932 1019 978 1062 τε,
993 1007 1115 1070 susino,

253 1104 333 1156 prave
352 1085 503 1138 emendavit
522 1081 680 1155 ἀρνύμενος,
708 1104 792 1156 quum
811 1077 890 1154 τιμήν
909 1081 1042 1155 ἄρνυσθαι
1059 1089 1183 1144 donarem
1200 1111 1308 1144 nomen-

255 1193 305 1246 que
334 1193 488 1242 computare
507 1173 675 1244 intelligeret.
711 1173 794 1236 Recte
811 1174 993 1230 Aristonicus:
1019 1165 1204 1248 tininensi,
1233 1177 1309 1250 31νή

253 1257 334 1330 capp*
361 1264 406 1312 νῦν
429 1260 556 1330 11111τὴ1
582 1267 709 1330 τιμωρίας
737 1273 835 1314 astrea·
852 1265 907 1330 ‚sul
925 1260 956 1314 esi
979 1260 1169 1333 ἀρνύμενος
1188 1265 1234 1322 orias
1253 1273 1309 1322 ioci

254 1347 409 1416 λαμβάνων,
435 1346 494 1402 o'tt‘
517 1346 577 1402 nivei
602 1351 651 1400 τοῦ
669 1349 882 1416 νίςπραντόμννος
905 1349 977 1423 nepti
998 1349 1102 1423 Τρόνιν.
1139 1354 1182 1409 Cl.
1198 1379 1224 1422 ρ,
1244 1357 1308 1414 286.

252 1439 313 1496 290.
332 1459 353 1503 s,
372 1436 425 1494 552
442 1457 482 1508 sq.
528 1436 620 1505 Quum
641 1436 756 1492 Acbilles
775 1437 827 1492 boc
845 1449 955 1511 urgeat„
982 1441 1054 1512 quod
1074 1440 1171 1496 Graeci
1190 1443 1308 1498 Menelai

253 1537 355 1581 tantum
376 1537 401 1579 et
420 1525 630 1596 Agamemnonis
648 1545 727 1578 causa
741 1525 853 1596 *bellum
872 1527 1051 1598 susceperint,
1082 1528 1211 1598 pluralem
1237 1530 1311 1584 vides

252 1616 296 1670 bic
315 1613 452 1686 postulari.
499 1612 646 1681 Quomodo
663 1613 785 1668 Helltero
806 1617 848 1684 (p.
869 1614 914 1681 13)
932 1614 1075 1686 singularis
1094 1618 1177 1688 magis
1195 1617 1228 1669 ad
1251 1639 1307 1671 rem

253 1705 340 1757 iacere
362 1701 494 1766 videatur,
523 1721 578 1754 non
598 1713 711 1772 esputo,
739 1721 827 1772 neque
846 1721 908 1756 cum
928 1703 1022 1756 eodem
1041 1704 1172 1758 Zenodoti
1193 1716 1308 1775 patrono

254 1790 417 1862 singularem
435 1787 513 1844 buius
532 1789 617 1844 critici
635 1800 720 1863 aetate
739 1789 898 1857 obtinuisse,
927 1790 973 1844 sed
998 1809 1099 1846 meram
1118 1789 1236 1849 arbitror
1252 1811 1308 1846 esse

255 1881 448 1932 coniecturam.

308 1968 350 2020 De
368 1965 476 2019 casibus
488 1963 622 2016 nominum
637 1963 702 2018 baec
720 1965 854 2018 monenda
868 1977 939 2019 sunt.
959 1971 996 2032 N,
1008 1965 1104 2040 tttsq.
1135 1968 1306 2024 Zenodotus:

439 2049 511 2106 ’Ali'
529 2049 596 2122 orins]
614 2051 706 2122 χρνὶς
723 2058 825 2118 εἴσατο,
842 2057 894 2113 mic
912 2051 938 2108 δ’
956 2051 1008 2126 ἄρα
1023 2057 1115 2126 χαλκῷ

367 2143 516 2212 σμερδαλέῳ
536 2139 688 2204 κεκάλυφθ’.

253 2231 343 2286 Alexio
372 2230 479 2304 genitivi
509 2231 625 2286 sormam
651 2227 746 2303 χροός,
772 2231 913 2304 Tyrannio
938 2232 1132 2286 nominativum
1147 2233 1227 2302 χρόας
1246 2234 1309 2288 Ari-

252 2320 386 2376 starchum
405 2319 498 2390 legisse
516 2319 587 2374 dixit.
625 2319 779 2376 Genitivum
795 2318 874 2390 χροᾶς
893 2319 1060 2376 Herodianus
1078 2322 1212 2393 praetulit.
1250 2323 1309 2376 No-

252 2410 371 2466 minativi
385 2409 475 2462 'forma
492 2401 571 2478 ,epioe
584 2407 657 2474 nibili
677 2421 723 2475 est,
742 2427 825 2482 quum
843 2405 914 2478 χρυῖς
933 2428 988 2462 non
1007 2428 1021 2462 e
1037 2411 1117 2480 χρόας
1128 2421 1309 2479 contractum,

251 2499 296 2553 sed
316 2497 494 2564 nominativus
513 2495 633 2552 thematis
648 2518 724 2567 χρωτ
747 2497 794 2562 sit,
823 2517 1001 2569 nequecasus
1017 2499 1112 2567 χροός,
1135 2501 1208 2568 χροΐ,
1234 2499 1309 2568 χρόα

252 2587 333 2642 talem
351 2585 546 2640 nominativum
566 2585 751 2651 admittant⁶).
788 2584 940 2652 Genitivus,
960 2586 1005 2658 qui
1020 2585 1064 2640 bic
1081 2586 1239 2659 significaret
1256 2589 1306 2642 tut

250 2672 345 2746 χροός,
372 2693 428 2728 non
448 2672 533 2743 magis
551 2673 722 2744 probandus,
746 2692 831 2743 quum
851 2674 1013 2746 praepositio
1028 2675 1117 2730 deesse
1134 2695 1190 2736 ,nou
1207 2689 1305 2748 posset.

252 2765 323 2818 llinr.
340 2783 402 2818 cum
421 2762 526 2833 Heynio
546 2761 598 2828 (Vl
616 2782 644 2834 p.
653 2759 720 2830 403)
739 2760 923 2819 Zenodoteam
941 2764 1102 2836 scripturam
1121 2765 1201 2822 unice
1216 2785 1306 2820 veram

253 2871 308 2904 esse
327 2869 481 2921 persuasum
499 2844 595 2904 babeo.

307 2938 339 3005 O,
357 2936 411 2993 621
429 2958 503 3009 sqq.:

438 3022 477 3078 Ἐν
494 3021 520 3080 d'
538 3022 613 3090 iisso’,
633 3021 667 3083 nic
683 3019 726 3078 ‘des
744 3030 814 3088 κῦμα
834 3025 888 3097 θὀῇ
905 3029 941 3079 ivi
959 3027 1003 3095 apl
1017 3031 1124 3100 πέσῃσιν

438 3109 535 3183 λα’βρον
556 3110 606 3166 sind
624 3118 717 3177 sepius
735 3113 918 3188 α’νψοτρεφές,
940 3111 1001 3186 q‘de'
1019 3138 1046 3170 τε
1058 3120 1138 3182 λτιᾶσιι

438 3199 546 3273 ὄγχνῃ
566 3196 740 3272 ὕνιικρύφθη,

253 3293 298 3348 ubi
316 3291 485 3346 Zenodotnm
505 3291 698 3345 nominativum
719 3289 784 3361 ἄχνη
808 3290 902 3362 legisse
921 3288 1086 3348 Aristonicus
1104 3294 1207 3360 tradis,
1231 3297 1305 3367 qnod

252 3380 389 3452 quomodo
407 3379 578 3447 intellexerit,
601 3380 638 3432 vis
655 3379 736 3434 dicas.
780 3385 833 3434 Aut
850 3377 945 3445 fallor,
964 3392 1011 3437 ant
1027 3381 1183 3439 zenodotus
1201 3379 1307 3456 scripsit

253 3466 317 3536 ι’ἱχνρ
336 3463 507 3536 ὑπεκρύφθη,
526 3488 541 3521 e
560 3468 716 3524 coniectura
736 3485 791 3522 nou
812 3468 960 3540 probanda.

306 3557 349 3621 A,
368 3554 421 3609 567
439 3555 608 3610 zenodotus:

365 3629 577 3712 ςΑιναονὶόντε,
596 3638 677 3698 ὅταν
694 3665 736 3695 τοι
754 3640 872 3704 ἀάπτους
890 3655 979 3717 χεῖρας
997 3647 1070 3710 tosto
1084 3649 1124 3714 ²),

306 3761 335 3826 5)
354 3759 409 3814 lam
429 3780 444 3812 e
464 3779 485 3813 v.
503 3759 556 3817 335
575 3765 600 3821 te
618 3759 644 3814 δ’
662 3758 744 3830 iro'qo’
763 3763 859 3814 Αἴαντε
883 3759 939 3816 din
966 3763 1028 3817 satis
1057 3775 1131 3818 certo
1159 3763 1303 3836 colligitur,

254 3835 281 3888 in
300 3831 473 3905 sequentibus
492 3834 610 3888 versibus
627 3833 661 3886 de
680 3844 795 3906 utroque
814 3836 926 3906 cogitari
947 3836 1036 3888 Aiace.

305 3905 336 3976 6)
357 3905 428 3957 'l'um
452 3907 538 3956 si'nnro
561 3903 722 3976 significaret
746 3903 841 3973 ἐφάνη,
868 3903 912 3959 sed
940 3909 1029 3962 obstat
1052 3906 1115 3961 buic
1140 3906 1304 3978 interpreta-

254 3978 333 4042 tioni,
350 3977 423 4048 quod
442 3975 563 4048 lleynius
582 3997 636 4028 non
658 3977 785 4048 neglesit,
804 3977 948 4049 digamma.

305 4052 335 4116 7)
355 4050 430 4102 lianc
448 4045 579 4102 Zenodoti
599 4050 759 4120 scripturam
785 4051 837 4119 iam
866 4070 946 4122 supra
975 4048 1132 4121 collegimus
1148 4069 1178 4102 es
1198 4050 1303 4105 Aristo-

254 4119 306 4174 nici
325 4114 476 4174 nota:“0ss
492 4115 638 4188 Ζηνόδοτος
662 4118 755 4189 γράφει
775 4121 854 4174 donov
871 4119 947 4176 livre.
984 4121 1054 4175 lllire
1068 4121 1172 4178 llellter
1188 4124 1228 4193 (p.
1241 4122 1305 4191 lli):

268 4193 341 4262 Ergo
361 4191 482 4247 nondum
501 4189 664 4263 apostropbo
684 4191 864 4264 (Zenodotus)
883 4213 945 4248 usus
964 4191 1026 4249 est.''
1111 4217 1118 4250 ς
