2886 4890
679 353 727 430 87

158 539 262 622 ,Ceteri
282 539 322 594 ἐὰν
341 539 383 594 uie
402 563 422 595 s.
443 537 504 594 υἱόν.
535 536 586 594 Ὃν
605 542 708 602 παῖδα,
733 541 805 612 quod
825 541 1050 616 eodemprorsus,
1069 547 1165 613 modo,
1183 547 1228 602 sed

173 647 229 682 non
248 630 276 683 in
296 649 385 684 versus
402 629 465 697 fine,
485 651 504 695 r,
524 626 573 684 481
596 639 622 684 et
640 628 696 684 Od.
715 651 743 696 rr,
764 631 799 684 17
821 630 932 703 legitur,
962 634 1053 688 nescio
1071 654 1105 687 an
1123 638 1230 706 praese·
1316 695 1319 706 ¹

172 717 286 770 rendum
308 729 333 772 et
351 719 384 772 ab
404 718 436 771 iis
452 716 587 771 subtatum
605 717 653 786 sit,
671 719 718 792 qui
736 718 770 772 de
789 730 877 774 metro
890 719 968 773 nimis
992 721 1102 777 suerunt
1118 723 1230 778 solliciti.

172 805 367 862 Alexandrinos
385 807 493 862 criticos
510 816 653 879 utramque
671 805 831 878 scripturam
851 808 877 860 in
897 807 972 862 libris
990 808 1082 880 legisse
1101 811 1227 866 arbitror.

223 899 262 959 Ν,
280 895 334 951 447
350 895 507 950 Zenodotus
534 892 621 954 uiroc
638 893 823 961 (Aristarchus
848 890 945 962 οὕτως)
973 907 1000 950 et
1028 916 1052 964 o,
1071 899 1133 954 584.
1170 899 1227 953 od.

172 1003 200 1046 μ,
218 981 271 1038 284
290 975 372 1041 οὕτως
394 1003 443 1052 pro
470 979 566 1041 uiroc.
610 982 702 1036 Altero
721 982 810 1037 Iliadis
834 983 895 1038 loeo
915 984 1081 1039 Aristonicus
1099 983 1227 1040 Zenodo-

172 1082 230 1123 tum
264 1071 334 1125 maie
365 1072 508 1142 vituperat,
540 1069 727 1142 ignorantem,
759 1063 801 1123 iius
830 1066 862 1123 ed
885 1064 971 1130 diiruc
999 1075 1054 1124 insi
1080 1079 1156 1130 sarde
1184 1077 1228 1125 sut

171 1155 237 1226 apic
256 1156 344 1224 οὗδένς
364 1160 439 1232 peius
457 1158 545 1225 addit,
565 1155 611 1212 dari
629 1155 660 1210 ri
677 1161 773 1225 ri'duiu
790 1153 863 1214 εἶναι.
901 1153 992 1219 Oiiruc
1010 1160 1166 1214 Zenodotus
1184 1162 1226 1215 in-

174 1247 284 1314 tellexit,
303 1252 358 1308 sic,
377 1259 409 1300 ut
425 1257 570 1319 poterunt,
590 1268 619 1300 es
639 1247 692 1300 usu¹
707 1247 735 1300 in
755 1248 848 1320 vulgus
868 1258 941 1302 noto.
1036 1305 1040 1314 x

225 1340 262 1404 Ν,
281 1337 332 1394 551
352 1336 507 1401 Zenodotus
526 1345 552 1388 et
572 1333 762 1406 Aristophanes
780 1332 960 1405 παρασταδόν,
978 1334 1050 1406 quod
1070 1333 1225 1387 adverbium

171 1446 194 1489 ο,
214 1423 256 1480 22.
284 1423 346 1482 od..
366 1445 389 1492 a,
410 1421 471 1480 173.
487 1423 540 1479 547
566 1421 676 1494 legitur,
702 1423 783 1477 ceteri
811 1421 975 1492 περισταδόν.
1023 1421 1177 1495 Utrumque
1196 1423 1223 1476 in

170 1511 245 1566 libris
262 1513 342 1580 fuisse
368 1512 475 1578 iudico,
503 1511 548 1565 sed
574 1511 663 1564 nescio
688 1531 721 1564 an
741 1508 912 1580 nupoor'nddr
930 1511 1079 1582 genuinum
1105 1512 1146 1577 sit,
1172 1512 1224 1565 iam

170 1611 231 1654 ante
251 1593 445 1657 Alexandrinos
461 1599 587 1654 tacittims
605 1590 762 1654 coniectura
789 1601 817 1652 in
845 1599 934 1653 multis
958 1599 1031 1652 libris
1050 1611 1181 1652 mutatum
1194 1600 1226 1665 5).

170 1690 203 1760 Ξι
218 1688 271 1746 310
289 1691 445 1744 Zenodotus
462 1701 488 1744 et
508 1686 697 1758 Aristophanes
724 1707 774 1760 pro
798 1692 934 1749 parinum
953 1686 1122 1740 retinuerunt
1147 1684 1225 1750 μετό-

169 1783 257 1833 πισθι.
309 1777 393 1832 Cuius
416 1777 564 1855 scripturae
588 1797 695 1830 causam
717 1776 840 1849 Spitzne'r
863 1774 934 1830 hanc
951 1775 1122 1848 excogitavit,
1152 1775 1225 1847 quod

168 1868 310 1929 μετέπειτά
325 1866 484 1939 pierumque
503 1877 688 1937 opponeretur
712 1863 817 1936 πρώτῳ.
863 1855 972 1932 „Nolim
1002 1863 1127 1931 autem,''
1142 1864 1225 1930 addit,

170 1967 222 2010 tam
242 1957 322 2010 arctis
340 1955 437 2008 finibus
457 1955 678 2009 circumscribere
698 1966 792 2025 poetae
817 1971 909 2026 usum,
939 1953 984 2026 qui
1009 1953 1118 2026 quidem
1138 1971 1225 2023 parce

170 2045 253 2098 utitur
272 2045 319 2097 iilo
335 2040 460 2096 adverbio
480 2043 527 2110 tei.
547 2043 603 2098 Od.
624 2065 648 2110 s,
666 2041 727 2097 519.
744 2043 768 2104 λ,
787 2042 832 2098 27.
851 2041 912 2097 640.
930 2046 951 2106 Ε,
969 2041 1050 2108 403),
1079 2053 1106 2095 at
1124 2059 1157 2094 eo
1175 2042 1223 2096 de·

167 2135 303 2193 tentantur
329 2130 515 2199 Alexandrini,
545 2129 617 2183 reiut
641 2125 802 2198 Apollonius
825 2127 1005 2196 Rhodius''4).
1055 2128 1219 2196 Merimods,

166 2221 286 2275 Homero
300 2220 521 2290 frequentatum,
545 2215 702 2269 Zenodotus
720 2213 858 2286 praetulit,
886 2215 1054 2268 Aristarchus
1079 2209 1224 2278 periurare,

168 2311 279 2361 sortasse
299 2304 372 2378 qnod
391 2300 534 2368 urrinrode
547 2304 580 2359 de
593 2303 625 2356 iis
640 2313 741 2356 tantum
757 2299 870 2370 dicatur,
887 2321 956 2374 quae
971 2301 1035 2358 stant
1048 2303 1097 2356 alia
1118 2303 1223 2358 actione

168 2396 253 2449 finita.
291 2393 335 2446 cf.
354 2413 380 2458 u,
394 2391 439 2448 82.

159 2539 161 2544 ,
222 2480 351 2536 Plurimis
368 2479 434 2534 locis
459 2473 503 2534 hic
520 2459 819 2536 Arisrsreht‘iudtcism
840 2480 981 2535 Zenodoto
1000 2481 1050 2535 erit
1068 2482 1224 2553 praestren-

166 2571 248 2640 dum,
275 2581 302 2625 at
320 2568 458 2623 nonnuliis
475 2580 546 2624 recte
567 2565 683 2623 dubitari
702 2579 796 2641 potest.
833 2568 966 2624 Zenodoti
995 2570 1223 2626 coniecturas'hic

165 2661 278 2726 minime
297 2657 434 2713 hahemus.
715 2677 717 2681 ’
746 2657 749 2669 ’

164 2788 439 2808 ...pa-qam

197 2923 204 2936 N
219 2862 248 2929 3)
266 2864 322 2916 iam
341 2861 501 2927 Herodotus,
518 2860 699 2946 Thucydides,
720 2860 871 2945 Euripides,
888 2859 1048 2920 Theocritus
1065 2877 1090 2921 et
1108 2865 1223 2938 Apollo-

167 2935 228 2988 nius
245 2935 371 2988 adverbio
389 2930 546 3006 arpentudir
565 2954 604 2990 usr
623 2945 693 2986 sunt.
729 2932 772 2986 Cs.
790 2932 921 3004 Sprtrner.

167 3007 344 3150 agitdidium
364 3025 425 3070 vero
445 3005 497 3060 hoc
514 3005 546 3059 ad
568 3023 623 3058 rem
644 3005 721 3070 iacit,
747 3004 793 3058 uhi
817 3005 850 3058 de
875 3025 934 3058 vera
953 3005 1062 3062 Homeri
1088 3010 1219 3084 scriptura
