2896 4888
711 367 784 442 180

233 555 295 610 loco
311 553 425 626 vgenuini
445 563 516 608 sunt.
554 552 734 608 Aristonicum
759 553 867 613 vitetur
883 555 914 608 dl
931 555 1030 616 uillas
1048 565 1147 608 sitnm
1163 556 1200 614 rte
1216 575 1286 624 arpo·

232 639 333 713 τροπήν
348 645 397 696 roi
415 639 567 710 Ἀχιλλίως,
586 653 666 714 atque
685 643 756 697 idem
772 642 941 722 Zenodotem
960 643 1122 715 pronomine
1141 645 1286 712 σφυέτιροι

231 731 342 784 relutari
360 742 434 785 recte
453 742 546 784 monet
562 731 595 784 ad
615 751 639 783 r.
655 729 718 786 216.

284 821 327 885 A,
346 818 491 876 tta-23³
508 817 655 873 eliciendos
672 818 788 890 putaritr
813 819 934 873 convicia
959 819 1032 873 enirn
1049 819 1079 872 in
1099 819 1286 891 Agamemno-

232 923 295 960 nem
313 907 381 962 iacta
400 906 532 960 Achillem
560 908 692 961 dedecere
718 925 780 961 cum
802 907 916 961 Platone
942 907 1023 980 (liep.
1050 907 1084 959 lll
1110 928 1137 980 p.
1156 906 1220 963 390.
1247 909 1284 961 cl.

231 994 368 1049 Plutarch.
392 995 426 1047 de
451 994 590 1048 audiendis
617 995 703 1065 poetis
729 995 776 1063 13)
802 995 907 1059 statuit,
934 994 1054 1048 heroum*
1073 994 1283 1048 llomericorum

231 1102 321 1138 rnores
339 1103 418 1153 prare
437 1083 566 1137 itadicana.
601 1083 725 1138 Timonis
739 1084 879 1156 parndiam
898 1105 921 1137 v.
946 1085 1000 1141 225
1024 1083 1082 1138 ride
1106 1083 1178 1155 apud
1197 1082 1283 1136 Albe-

233 1191 331 1226 naeum
353 1171 404 1236 lV,
423 1171 458 1226 55
477 1172 530 1238 (cl.
547 1171 622 1226 Euat.
641 1193 670 1244 p.
692 1173 769 1238 1404,
788 1174 806 1229 2
824 1175 909 1245 ειμι).

284 1260 328 1324 Λ,
346 1256 489 1315 390-400
505 1260 672 1331 proscripsit,
688 1262 761 1333 quod
780 1261 852 1315 illam
866 1260 1045 1314 narrationem
1064 1259 1097 1312 de
1114 1258 1175 1312 lore
1192 1258 1285 1316 vincto

230 1347 344 1401 deorum
368 1359 445 1419 patre
468 1346 608 1417 indignam
632 1348 738 1416 babuit,
769 1349 834 1402 lalaa
862 1349 895 1402 de
913 1347 1062 1402 Homericis
1087 1346 1127 1400 dis
1151 1345 1285 1418 opinione

230 1437 334 1491 duetus.
369 1435 490 1490 Similem
510 1435 640 1488 Zenodoti
665 1455 806 1490 censuram
832 1456 911 1508 supra
930 1437 995 1490 ex
1016 1436 1045 1489 in
1065 1435 1175 1488 lunonis
1192 1453 1283 1506 poena

230 1527 394 1592 invenimus,
412 1546 435 1592 o,
456 1522 576 1590 18-3l,
596 1541 664 1596 quos
684 1543 773 1582 versut
790 1525 894 1580 sustulit
906 1525 940 1590 1).
1054 1552 1057 1569 =

282 1617 325 1680 A,
345 1611 502 1678 488-492,
521 1623 631 1684 excepto
650 1633 672 1666 r.
690 1613 751 1676 tab.
770 1633 851 1685 quem
870 1614 923 1666 iam
940 1612 1013 1684 prius
1031 1610 1181 1676 sustulerat,
1199 1609 1284 1664 obelo

230 1702 338 1758 notavit.
387 1699 481 1768 Quum
506 1700 578 1752 enim
598 1711 674 1754 antea
696 1721 800 1754 versum
818 1701 870 1757 491
891 1702 1025 1763 eiecisset,
1045 1699 1117 1772 quod
1145 1700 1178 1753 de
1206 1701 1283 1754 nulla

229 1808 320 1862 pugna
340 1788 381 1842 liis
398 1787 492 1841 diebus
509 1787 573 1841 inita
593 1801 730 1855 narretur,
759 1810 831 1844 nunc
847 1783 959 1844 eandem
979 1790 1013 1844 de
1032 1790 1163 1843 concione
1181 1811 1205 1846 v.
1227 1790 1285 1846 490

230 1875 424 1942 dubitationem
454 1875 550 1940 morit,
589 1895 677 1946 neque
703 1896 765 1930 eum
797 1878 895 1948 fugisse
927 1877 1046 1946 videtur,
1077 1877 1129 1931 illis
1162 1879 1285 1932 versibus

229 1963 320 2016 eiectis
343 1966 369 2014 ir
395 1974 449 2013 roto
473 1961 559 2014 multo
583 1964 670 2032 aptius
695 1964 790 2018 relerri
808 1965 841 2018 ad
860 1966 935 2019 illum
954 1965 1042 2034 diem,
1069 1985 1205 2038 quocum
1225 1966 1283 2019 filio

229 2048 322 2102 Thetis
339 2049 472 2104 collocuta
496 2061 544 2102 est.
572 2049 667 2116 Vides,
688 2052 826 2124 quomodo
845 2054 917 2107 litem
936 2053 1007 2108 inter
1026 2053 1229 2108 Lachmannum
1256 2069 1284 2112 et

229 2135 373 2210 Berglium
392 2141 485 2208 (quem
502 2131 626 2192 conseras
642 2141 659 2194 l.
678 2139 696 2193 Ι.
718 2161 744 2212 p.
759 2140 811 2196 485
829 2147 903 2214 sqq.)
928 2142 962 2194 de
980 2141 1030 2196 bac
1048 2139 1175 2213 dourriers
1192 2155 1283 2197 ortana

229 2245 425 2299 componamus
438 2225 475 2293 ⁸).
518 2227 649 2282 Zenodoti
669 2229 797 2283 iudicium
824 2241 917 2284 contra
934 2229 1064 2283 Naelium
1083 2230 1204 2302 (Opusc.
1223 2231 1233 2284 l
1255 2253 1283 2304 p.

228 2315 295 2380 207)
311 2324 337 2368 et
355 2313 557 2368 ltacltmunnum
577 2315 602 2382 (l
623 2335 649 2386 p.
670 2316 733 2381 152)
751 2318 864 2370 omnino
884 2317 1039 2389 probamus,
1063 2339 1149 2391 quum
1168 2320 1284 2374 minime

229 2421 339 2460 carmen
365 2401 484 2473 primum
510 2403 597 2456 lliadis
619 2403 663 2458 liic
687 2403 764 2458 linire
788 2417 920 2477 putemus.
964 2406 1042 2476 Quae
1066 2407 1130 2461 alias
1156 2409 1283 2480 persequi

227 2489 426 2547 constituimus.

282 2581 316 2644 B,
334 2577 477 2634 tlt-»118
494 2578 658 2653 addubitavit
670 2583 708 2650 ⁹),
734 2583 944 2656 Agamemnonis
967 2583 1115 2638 orationem
1142 2582 1238 2637 mulius
1263 2605 1279 2639 a

168 2825 174 2833 “
228 2814 294 2870 lium
314 2825 386 2869 recte
412 2816 446 2870 ad
470 2835 492 2868 v·
509 2814 564 2872 208
582 2836 621 2888 sq.
647 2818 832 2886 transtulerat,
862 2838 930 2890 quos
950 2836 1079 2872 numeros
1101 2816 1156 2890 ipse
1172 2817 1279 2876 llell'ter

229 2887 344 2940 ascribit.
382 2887 484 2939 Verum
504 2887 567 2940 vidit
585 2885 713 2958 Berglrius
732 2890 749 2942 l.
769 2891 785 2944 Ι.
805 2912 831 2962 p.
850 2889 904 2946 498
922 2910 961 2962 sq.

283 2959 313 3022 7)
332 2956 450 3028 lleynius
469 2957 519 3026 (Ν
538 2977 565 3030 p·
582 2957 661 3026 404);
688 2962 799 3027 „Potuit
823 2961 966 3014 desiderari
991 2959 1100 3032 antiqua
1125 2960 1281 3026 auctoritas,

229 3029 316 3098 potuit
333 3039 404 3083 totus
421 3029 498 3082 locus
514 3028 595 3082 rideri
608 3031 721 3086 insertus
735 3053 750 3086 a
770 3033 920 3106 rhapsodoa
935 3031 980 3086 sed
1000 3033 1086 3102 potuit
1099 3051 1209 3103 qunque
1225 3044 1281 3086 tota

228 3117 341 3154 censura
360 3099 491 3171 proficisci
511 3120 526 3153 a
547 3121 626 3173 prava
646 3105 788 3176 opinione,
808 3106 889 3158 videri
910 3103 975 3158 baec
993 3103 1052 3156 love
1071 3103 1181 3173 indigna
1201 3106 1283 3158 esse.‘'

226 3170 332 3226 Hellter
349 3175 391 3243 (p.
412 3172 458 3241 13)
483 3186 657 3243 argumenta,
685 3178 815 3248 equibus
843 3176 892 3230 laos
917 3194 1005 3228 versus
1029 3174 1135 3246 spurios
1156 3175 1283 3230 babuerit

228 3243 397 3310 zenodotus,
416 3245 536 3316 ignorari
556 3245 706 3316 profitetur.
1071 3303 1076 3310 ,

281 3332 314 3400 8)
335 3333 424 3386 Verba
444 3331 534 3386 Scltol.
550 3331 589 3386 V:
608 3336 799 3388 Hodierna·
815 3327 912 3404 ὶχθρὸς
929 3329 980 3402 ruit)
995 3335 1043 3400 τῆς
1057 3329 1150 3402 tlpyiuc
1168 3329 1182 3384 ὅ
1201 3327 1281 3404 ἥρως,

228 3405 370 3466 φιλοτίμως
386 3407 416 3456 ll
434 3408 493 3472 περὶ
510 3401 559 3463 'ult
577 3403 689 3476 πράξιος,
707 3425 763 3460 non
782 3405 867 3477 magia
885 3405 918 3457 ad
938 3405 1068 3458 Zenodoti
1087 3402 1217 3474 ἀθέτησιν
1236 3426 1281 3458 re-

227 3473 367 3528 futandam
395 3475 544 3545 pertinent,
572 3495 653 3548 quam
680 3477 738 3531 illa:
769 3478 824 3530 Ata
848 3471 916 3528 uidua
941 3473 1044 3544 ἀνδρῶν
1067 3472 1162 3546 riprrdc
1180 3498 1203 3530 κ.
1213 3479 1281 3538 τ.1.,

228 3545 341 3616 quibus,
369 3563 418 3598 cur
438 3557 515 3615 poeta
536 3549 697 3602 concionem
716 3560 778 3603 ante
801 3565 920 3621 pugnam
946 3558 1094 3612 memoret,
1123 3547 1281 3618 explicatur,
1399 3553 1402 3560 '

227 3615 300 3670 unde
326 3614 512 3682 Lachmanno,
540 3619 666 3673 criticum
686 3620 829 3692 Ephesium
854 3619 880 3671 in
899 3621 1031 3670 Hactenus
1056 3619 1166 3671 haesisse
1190 3620 1282 3690 suspi-

228 3688 316 3755 canti,
340 3687 469 3740 accedere
488 3704 603 3758 nequen.
647 3688 841 3744 Scholium'H
855 3690 985 3758 πρόληψις
1002 3692 1105 3754 s.a.l.,
1123 3690 1155 3743 ad
1175 3710 1198 3744 v.
1217 3691 1280 3754 491,

227 3778 283 3813 non
303 3758 336 3812 ad
355 3779 377 3812 r.
396 3759 450 3815 490
469 3761 613 3829 pertinens,
634 3763 780 3820 Aristarchi
798 3762 1045 3834 interpretationem
1065 3763 1188 3834 praebet,
1205 3765 1280 3834 quod

227 3829 357 3903 Bergltius
377 3849 474 3903 negare
493 3830 603 3884 ridetur.

282 3932 313 3999 9)
334 3933 497 3988 Aristonicus
522 3933 629 4003 quidem
652 3936 729 4001 dicit,
757 3935 926 3989 Zenodotum
947 3933 1036 3986 locum
1061 3934 1095 3988 ila
1123 3939 1279 4002 crinitum,

226 4014 258 4057 ut
276 4016 336 4075 post
354 4026 376 4058 r.
398 4006 448 4060 110
466 4015 594 4075 sequatur
612 4027 634 4059 v.
656 4008 722 4070 118;
742 4027 825 4080 quum
845 4027 906 4059 vern
925 4006 1080 4059 Zenodotus
1097 4012 1125 4072 β,
1143 4009 1208 4068 111,
1230 4007 1280 4060 lli-

226 4076 309 4146 dymo
330 4087 409 4142 teste,
426 4081 491 4146 μέγα
510 4075 618 4145 legerit,
639 4076 687 4133 lios
708 4099 796 4132 versus
814 4077 947 4132 sustulisse
966 4097 1020 4130 non
1041 4089 1135 4148 potest.
1171 4077 1214 4132 Cl.
1233 4099 1281 4130 su-

227 4165 276 4218 pra
296 4167 318 4201 c.
340 4147 374 4201 Vl
394 4161 449 4204 not.
469 4147 511 4204 25.
557 4148 676 4220 lleynitts
694 4150 743 4217 (lV
764 4171 791 4222 p.
810 4149 877 4218 214)
896 4149 944 4202 sibi
964 4149 1013 4220 ipsi
1038 4160 1180 4221 repugnat,
1197 4151 1281 4204 adlit-
